2644 4428
112 122 266 220 poer
300 109 617 225 quaevis
669 130 1083 230 praecepta
1133 112 1419 199 HIPP.
1474 109 1578 197 ad
1602 104 1878 190 'solam
1923 103 2328 224 Graeciam

106 235 487 347 antiquam
541 233 1086 351 restringere3
1163 259 1361 319 cum
1411 257 1593 319 non
1641 229 1898 313 desint
1966 228 2113 315 alia
2175 255 2331 339 op-

106 358 275 472 pido
322 369 583 450 multa
615 421 642 470 ‚
702 387 890 476 quae
947 363 1135 477 ipsis
1172 357 1660 487 nobiscum·
1686 357 2162 445 communia
2210 357 2329 449 in-

103 491 530 575 tercedunt.
669 492 822 578 Fac
882 485 1253 576 nostram
1315 487 1418 592 ab
1480 480 1633 567 illis
1710 500 2090 567 naturam
2146 486 2328 568 lon-

111 612 287 726 gfnn
342 614 633 703 distare
654 675 682 719 ‚
762 615 1095 702 habebit
1155 622 1466 721 tamen·
1502 607 1892 723 plurimas
1953 598 2334 729 proprie-

99 764 275 829 tates
322 773 519 831 cum
567 744 719 830 iuis
775 768 1265 831 communes
1302 797 1330 846 ‚
1387 739 1557 825 five
1618 738 1903 824 sanum
1927 796 1954 845 ‚
2011 738 2180 824 five
2231 750 2334 823 ae'-

96 891 314 977 grum
369 894 683 982 corpus
735 865 1126 980 respicias·
1243 865 1342 949 In
1378 863 1573 948 sano
1613 919 1638 965 ‚
1700 887 1981 947 annon
2019 865 2326 949 eaedem

94 994 282 1105 leges
337 994 603 1081 totius
644 990 1141 1108 oecononfiaee
1199 984 1620 1075 animalis?
1675 985 1763 1071 in
1829 1012 2054 1099 aegro
2090 1044 2117 1089 ,
2196 996 2336 1072 aix-'-

94 1132 251 1191 non
305 1111 594 1194 eadem
651 1104 895 1192 febris
954 1121 1244 1191 natura
1280 1099 1317 1187 ἓ
1417 1103 1701 1188 eadem
1754 1099 2330 1189 inflammatio-

97 1234 253 1323 nis?
306 1235 675 1325 vulneris
695 1295 722 1344 ‚
779 1233 972 1326 310?
1075 1285 1082 1295 ·

106 1518 115 1523 -
283 1453 439 1537 Fac
488 1450 739 1538 etiam
789 1490 870 1558 γ.
896 1458 899 1463 ’
928 1445 1264 1536 Graeciae
1308 1441 1675 1556 ‘antiquae
1732 1443 2081 1526 morbos
2123 1464 2337 1528 non-

100 1576 345 1664 nullos
393 1574 623 1665 fuiffi:
674 1574 930 1691 magis
993 1570 1415 1673 fanuliares
1456 1628 1484 1674 ,
1560 1590 1707 1657 aut
1741 1568 2092 1657 omnino
2138 1596 2360 1683 pros

104 1697 309 1809 prios
348 1762 379 1810 ,
409 1706 424 1723 ’
458 1732 569 1790 ne
626 1706 801 1788 hoc
830 1698 1186 1815 quidem
1256 1696 1989 1785 HIPPOCRATIS
2049 1691 2342 1805 placita

102 1820 440 1945 infringit
479 1890 507 1937 ‚
590 1831 648 1916 fi
707 1856 905 1920 cum
964 1825 1270 1943 judicio
1313 1824 1394 1913 ὅτ
1451 1821 1899 1908 discrimine
1948 1819 2341 1932 accipian:-

107 1973 267 2061 ωε,
321 1960 805 2048 communia
858 1956 908 2045 *a
954 1954 1318 2073 propriis
1378 1949 1871 2037 secernendo
1927 2006 1955 2052 ‚
2016 1950 2098 2035 ὅτ
2140 1944 2343 2057 quid

109 2084 383 2197 cuique
448 2087 785 2174 seorsim
852 2085 1243 2170 debeatur
1282 2136 1310 2180 ‚
1394 2074 1935 2162 observando.
2089 2067 2345 2155 Miffis

108 2240 293 2327 ergo
375 2216 910 2332 singularibus
976 2273 1005 2320 ,
1105 2237 1294 2326 quoe
1392 2202 1729 2293 Graeciae
1816 2197 2343 2315 potiffimum

112 2343 359 2429 deberi
409 2344 849 2431 videantur
883 2401 914 2449 ‚
993 2366 1277 2426 annon
1332 2332 1517 2420 satis
1583 2329 2136 2443 perspicuum·
2183 2324 2348 2436 est,

113 2487 275 2574 quoe
326 2469 553 2582 apud
607 2469 901 2555 HIPP..
942 2463 1354 2550 habentur
1396 2510 1423 2555 ,
1504 2456 1607 2538 de
1665 2449 2023 2537 febribus
2068 2448 2160 2533 in
2216 2477 2354 2562 ge.

113 2616 289 2676 οπο
327 2652 355 2698 ,
468 2595 576 2680 de
645 2592 1007 2679 febribus
1078 2581 1497 2672 continuis
1533 2653 1537 2659 .
1571 2580 1660 2666 &
1754 2575 2356 2664 intermittenti-

112 2725 247 2808 bus
268 2783 296 2829 ,
348 2724 451 2809 de
493 2722 967 2835 phrenitide
999 2778 1028 2825 ,
1092 2710 1528 2828 pleuritide
1551 2767 1580 2814 ‚
1637 2705 2356 2819 peripneumonia,

102 2847 542 2962 dysenteria
565 2910 591 2955 ‚
635 2850 959 2963 aliisque
1000 2842 1308 2956 morbis
1350 2834 1659 2926 acutis:
1707 2852 1894 2920 tum
1934 2834 2038 2917 de
2077 2832 2362 2947 phthi-

118 2974 209 3078 fi,
259 2995 824 3090 empyemate,
877 2973 1272 3085 hydrope
1294 3023 1321 3068 ,
1379 2963 1639 3049 ἰᾶετο
1659 3017 1684 3063 ,
1745 2954 2074 3067 aliisque
2120 2960 2362 3044 chro-

120 3101 295 3188 nicis
315 3163 340 3208 ,
398 3101 742 3192 mirifice
774 3130 974 3189 cum
1007 3089 1581 3213 phaenomenis
1621 3086 2083 3174 eorundem
2135 3111 2363 3172 mor-

121 3227 401 3315 borum
415 3290 445 3338 ‚
529 3229 758 3343 apud
821 3253 985 3313 nos
1030 3218 1286 3308 hodie
1330 3207 1955 3301 occurrentibus
1988 3269 2016 3315 ‚
2075 3209 2388 3295 conso-⁸

124 3354 369 3442 nare?
504 3359 574 3407 “
677 3351 762 3441 Si
834 3338 1772 3439 HIPPOCRATIS
1825 3333 2360 3444 ‘'Apborismos,

127 3533 179 3585 ,‚
228 3484 558 3599 Praesagia
584 3551 609 3589 ,
661 3493 915 3571 Coacas
937 3547 983 3579 ,,
1021 3479 1175 3566 ὅτε.
1251 3496 1448 3557 cum
1506 3460 2046 3577 posterorum
2101 3454 2373 3593 obser-

108 3663 184 3714 -„
242 3609 709 3696 vationibus
770 3596 1381 3718 comparaveris
1405 3653 1433 3699 ‚
1469 3616 1681 3702 quae
1734 3590 1895 3677 fuit
1935 3581 2405 3698 superiori-³

134 3787 187 3839 η
240 3737 387 3824 bus
421 3735 710 3826 seculis
749 3793 777 3842 ‚
837 3736 1180 3824 eandem
1230 3750 1456 3812 nunc
1498 3715 1654 3808 esse
1705 3717 2209 3827 morborum
2239 3735 2378 3794 na-

993 3866 1086 3984 >(
1123 3864 1217 3979 ><
1247 3858 1341 3974 >C
1409 3885 1522 3964 5--
2132 3905 2199 3954 92
2252 3861 2389 3932 tu-
