2644 4428
320 0 418 45 1u
792 0 871 36 ιη
895 0 1123 56 1.]π.
1153 0 1339 62 atyp-
1397 0 1619 45 [moa.
1652 0 1881 72 ἀυτῆς.
1921 0 2124 52 mm.

221 160 226 167 ·
323 148 332 155 ·
409 101 498 194 In
536 111 814 192 medica
855 100 1228 213 ἐγχυρᾶσα
1267 115 1454 193 ratio
1511 115 1763 195 itidem
1810 114 2138 198 habenda
2161 173 2187 206 ,
2257 125 2414 199 tum
2454 144 2575 198 're-

308 241 511 303 rnm,
565 227 723 293 tum
776 214 1213 309 personarunt
1263 223 1544 305 ΚΜ,
1595 214 1751 295 hoc
1790 216 1939 305 est,
1990 220 2154 296 artis
2195 242 2502 320 opetum
2539 280 2568 313 ,

306 317 387 392 in
420 313 706 392 sanitate
746 314 860 392 vel
892 314 1369 393 conservanda
1392 372 1415 405 ,
1468 315 1579 393 vel
1614 316 2033 396 restituenda
2054 374 2080 408 ,
2130 342 2260 421 per
2282 344 2571 424 oppor-

304 428 480 493 tuna
506 416 984 494 instrumenta.
1049 414 1394 511 Quorum
1430 415 1564 493 alia
1588 418 1665 493 in
1696 440 1962 516 corpus
2006 433 2278 519 agunt,
2326 419 2415 498 ab
2456 446 2566 503 eo

302 511 598 595 viciffim
636 514 977 615 patiendo
1020 539 1056 590 ε.
1119 515 1196 592 &
1236 516 1351 593 vel
1407 518 1502 594 ita
1532 565 1558 596 ,
1623 531 1706 596 ut
1753 518 2128 621 vincantur
2156 576 2180 608 ,
2229 543 2393 620 qnae
2432 526 2565 597 ali-

297 636 506 692 menta
529 673 552 705 ,
605 631 728 695 aut
765 618 1051 693 vincant
1086 672 1109 705 ,
1162 638 1320 716 quae
1351 616 1679 710 phannaca
1701 674 1725 707 ,
1777 617 1897 697 seu
1950 619 2390 696 mdicamenta
2419 646 2563 702 vo-

298 728 589 795 cantur:
641 717 776 794 alia
821 738 972 792 non
1016 714 1358 816 patiendo
1381 774 1402 806 ,
1453 716 1664 819 videl.
1719 742 1895 812 opera
1924 719 2288 819 chirurgica.

307 850 324 861 ·
399 816 705 896 Ratione
739 815 1237 903 ¹aiimentorum(
1285 838 1599 916 quorum
1642 817 2124 918 appellatione
2172 823 2411 900 etiam·
2432 845 2556 902 re-

291 916 510 1018 liquae
535 941 645 994 res
665 974 687 1007 ,
738 915 1239 994 nonnaturales
1265 912 1494 1016 vulgo
1531 916 1730 995 distae
1750 968 1772 999 ,
1826 917 2181 998 subintelli
2338 934 2455 999 tur
2502 931 2550 1019 )

288 1019 474 1114 jurat
530 1017 851 1095 medicus
891 1070 914 1104 ‚
982 1016 1051 1093 se
1089 1039 1345 1094 eorum
1401 1017 2080 1098 administrationem
2122 1017 2186 1098 {a
2215 1035 2486 1099 utarem
2513 1081 2542 1114 ,

287 1130 642 1219 quantum
697 1120 774 1194 in
819 1115 889 1192 se
931 1118 1066 1194 erit
1096 1174 1119 1206 ,
1226 1137 1747 1197 rocuraturnm.
1866 1127 1959 1197 N.
2022 1141 2134 1209 19.
2214 1119 2547 1202 Noxiam

286 1217 510 1306 vero,
563 1216 711 1296 hoc
751 1215 848 1294 est
871 1266 891 1297 ,
942 1240 1104 1317 quae
1239 1239 1496 1293 mnum
1554 1217 1851 1300 inferat,
1903 1216 2187 1297 summo
2232 1220 2466 1299 studIo
2506 1278 2537 1311 ,

281 1328 498 1418 atque
534 1315 677 1395 fide
720 1315 1121 1417 fugiturum
1154 1341 1172 1393 ε
1226 1313 1363 1393 five
1410 1316 1529 1395 illa
1566 1318 1912 1396 damnum
1953 1319 2206 1397 inferat
2236 1342 2363 1419 per
2408 1321 2479 1400 se
2505 1381 2534 1412 ,

279 1415 399 1492 ἐπὶ
445 1407 755 1506 δειλαία-αι’,
864 1413 984 1494 uta
1011 1431 1359 1505 mortem,
1406 1432 1530 1495 aut
1565 1417 1806 1497 saltem
1844 1420 2225 1499 morbum:
2278 1427 2369 1498 Ν.
2400 1443 2529 1502 20.

276 1513 423 1595 five
456 1540 590 1620 per
630 1518 775 1595 acci
830 1540 954 1593 ens
978 1574 999 1606 ‚
1051 1514 1169 1593 ἐπὶ
1218 1512 1434 1605 ἀδικίη
1468 1573 1488 1604 ,
1542 1523 1888 1619 quoniam
1940 1522 2212 1618 iniuriae
2249 1543 2531 1622 oppor-

261 1629 538 1695 tunum
585 1617 821 1695 reddit
865 1629 1204 1694 utentem.
1310 1615 1627 1711 Qualem
1667 1615 1993 1696 effectum
2035 1620 2359 1720 ptaestant
2392 1645 2527 1713 ea,

219 1802 224 1807 ,
274 1738 444 1818 quae‘
483 1718 836 1795 inebriant
873 1773 897 1804 ‚
976 1738 1134 1816 quae
1185 1738 1518 1793 venerem
1590 1717 1948 1797 fflmulant
1992 1775 2014 1807 ,
2101 1741 2262 1820 quae
2330 1717 2531 1799 som-

268 1839 454 1994 ιέιω
503 1817 862 1896 inducunt
880 1872 903 1904 ,
941 1816 1203 1919 quibus
1251 1815 1627 1917 improbos
1657 1816 1932 1899 sceleste
1974 1820 2172 1898 abuti
2217 1819 2515 1901 constat.

348 1974 367 1992 .
456 1941 519 1993 1.

365 1940 674 2094 Rzatimoe
709 2015 1330 2093 mdicmmorm:
1376 2013 1641 2094 horum
1684 2017 1890 2096 usum
1940 2020 2247 2096 noxium
2272 2075 2296 2108 ,
2336 2005 2524 2114 ἄχος

229 2103 593 2216 φέρονται,
644 2115 954 2210 abjurat,
1005 2128 1164 2193 tum
1212 2138 1379 2216 erga
1424 2114 1759 2195 homines
1804 2132 2047 2195 natos:
2099 2143 2229 2220 per
2261 2119 2373 2208 se‘,
2413 2123 2521 2199 le-

261 2217 452 2295 thale
480 2214 615 2296 scil.
658 2216 1121 2316 pharmacum
1157 2213 1291 2294 sese
1334 2219 1607 2293 nemini
1655 2217 2019 2297 daturum:
2071 2227 2162 2297 N.
2211 2240 2327 2300 22.
2377 2245 2518 2322 pet

256 2320 443 2397 a'lios
471 2374 495 2406 ,
569 2316 750 2393 nulli
809 2314 947 2393 scil.
1008 2314 1079 2391 se
1121 2317 1232 2392 vel
1283 2315 1644 2392 austorem
1673 2366 1695 2397 ‚
1746 2319 1860 2395 vel
1911 2320 2519 2399 commonstrato-

257 2441 415 2496 tem
460 2418 717 2495 veneni
759 2415 965 2494 fore:
1022 2422 1112 2491 N.
1152 2435 1266 2507 23.
1314 2428 1473 2493 tum
1499 2438 1669 2516 erga
1713 2417 2045 2496 nondum
2069 2433 2276 2496 natos
2300 2477 2323 2509 ,
2379 2419 2511 2501 sed

255 2519 337 2595 in
362 2530 572 2596 utero
603 2516 843 2593 matris
884 2515 1279 2593 etiamnum
1319 2515 1653 2593 latentes:
1704 2514 1953 2596 Foetus
1985 2518 2315 2614 ejiciendi
2336 2543 2511 2599 can-

250 2615 368 2707 sa,
422 2615 488 2694 se
533 2638 672 2695 nec
712 2612 1090 2693 confilium
1116 2669 1139 2702 ,
1191 2630 1330 2690 nec
1375 2614 1979 2694 medicamentum
2014 2619 2370 2736 daturum.
2403 2630 2505 2700 N.

248 2738 412 2896 aa
440 2715 1897 2930 ffissffizzzszffamaffm·
1910 2716 2506 2920 amaa:

246 2920 338 2997 tis
366 2976 389 3007 ,
443 2916 562 2996 sed
626 2913 881 3013 Polybi
923 2911 998 2989 nd
1032 2912 1294 2990 facium
1345 2901 1442 2996 est
1462 2969 1483 3001 ‚
1533 2926 1607 2992 at
1657 2937 1750 2992 ue
1793 2915 2188 3016 scriptum?
2264 2917 2499 2999 *Caeoe-

246 3039 410 3096 rum
450 3042 541 3094 ne
588 3015 679 3093 de
725 3013 1010 3091 auctore
1045 3008 1482 3112 disputemus
1507 3064 1528 3094 ‚
1687 3037 1803 3094 u.
1854 3011 2377 3098 Mnacuarams
2413 3029 2494 3099 L.

244 3127 360 3197 IV.
431 3128 576 3197 Var.
615 3117 739 3210 hist.
770 3142 820 3190 c.
875 3139 986 3193 ιο.
1041 3114 1125 3189 iis
1166 3114 1608 3212 temporibus
1636 3164 1659 3195 ‚
1710 3113 1928 3193 foetus
1966 3117 2297 3196 nondum
2338 3124 2501 3198 ani·-
2586 3201 2597 3214 ‚

240 3231 478 3296 matos
529 3235 991 3314 corrumpere
1017 3269 1038 3301 ,
1088 3215 1184 3289 n'e
1215 3213 1428 3289 vitam
1477 3213 2026 3314 adipiscerentur
2050 3272 2072 3303 ,
2125 3217 2286 3317 lege
2331 3242 2494 3299 non

238 3315 443 3396 fuisse
473 3318 810 3408 vetitum,
868 3333 963 3390 ex
992 3334 1064 3405 7.
1107 3313 1287 3387 Polit.
1319 3312 1672 3391 Aiusror.
1699 3341 1750 3391 c.
1786 3330 1893 3393 16.
1923 3317 2201 3415 probat.
2251 3318 2493 3413 de

237 3417 295 3496 fi
340 3420 413 3496 id
464 3440 616 3493 non
664 3413 917 3512 sponte
955 3469 978 3501 ,
1045 3411 1448 3489 nocendive
1494 3413 1725 3491 studio
1752 3470 1774 3502 ,
1850 3413 1969 3492 sed
2021 3431 2307 3515 petente
2328 3419 2492 3496 do-

238 3519 437 3595 mina
477 3574 499 3605 ,
609 3537 771 3614 enes
817 3535 1037 3615 quam
1077 3513 1237 3588 vitae
1283 3567 1306 3599 ,
1360 3514 1696 3614 necisque
1725 3528 1881 3592 erat
1920 3516 1995 3590 in
2035 3514 2296 3595 servam
2318 3543 2487 3619 po-

235 3620 441 3694 testas
468 3674 489 3706 ‚
623 3618 639 3690 i
698 3626 1021 3715 pocrates
1083 3610 1251 3687 fecit
1280 3668 1302 3698 ,
1365 3635 1602 3715 neque
1653 3614 1730 3690 in
1780 3612 1990 3693 seculi
2034 3615 2138 3695 sui
2182 3641 2425 3696 mores
2452 3670 2481 3701 .

238 3742 477 3821 neque
519 3718 595 3794 in
667 3736 880 3813 egem
921 3710 1114 3791 suam
1148 3715 1486 3813 peccavit.
2245 3813 2363 3896 ΗΓ

2349 3842 2484 3899 um
