2644 4428
349 647 379 666 ,
420 577 459 613 ‘-²
520 550 658 663 '‘s-{³31¹
690 560 1094 641 URELIUS
1171 558 1721 642 CORNELIUS
1795 557 2148 641 CELSUS
2175 612 2197 642 ,
2277 560 2532 639 multi·

299 689 418 750 gf.
560 677 662 764 κήξ·
735 686 1165 761 magnorum
1220 660 1679 745 Medicorum
1727 662 2068 749 decretis,
2131 660 2536 762 oppressam

337 759 652 870 ξ”ῑῑφ-,Ῑῑᾉ
742 762 947 856 hujus
1028 761 1452 839 Prorrhetici
1522 761 1815 843 secundi
1886 762 2306 859 dignitatem
2343 810 2365 840 ,
2442 761 2538 835 ita

341 876 403 894 ‘'
638 874 650 880 '
736 860 874 937 suis
911 863 1164 960 vigiliis
1212 863 1589 940 recreavit,
1626 863 1698 935 δι
1742 860 2159 947 sublevavit,
2211 873 2293 936 ut
2317 883 2413 936 ex
2445 880 2537 934 eo

280 963 504 1041 multa
540 965 614 1037 in
650 984 800 1038 rem
835 960 1028 1044 suam
1058 962 1403 1038 medicam
1427 1011 1448 1039 ,
1501 974 1837 1060 tauquam
1886 962 1963 1038 in
1991 959 2295 1036 fundum
2325 956 2542 1036 trans-

281 1062 615 1139 funderet
673 1117 692 1147 ,
752 1062 826 1137 ὅτ.
873 1084 964 1136 ex
1016 1060 1223 1156 hujus
1274 1061 1591 1138 fontibus
1664 1058 1821 1140 suos
1890 1058 2141 1135 hortos
2192 1063 2538 1157 irrigaret.

284 1160 476 1239 Nam
519 1157 687 1235 cum
755 1175 1172 1236 caeterorum
1227 1156 1868 1239 HIPPOCRATIS
1931 1182 2234 1258 operum
2280 1213 2303 1244 ,
2381 1173 2536 1232 tum

280 1257 701 1364 verdhuJus
741 1259 907 1352 ‚libri
933 1315 956 1345 ,
1002 1272 1144 1333 tam
1181 1259 1277 1334 est
1304 1260 1714 1346 aemulator,
1761 1260 1835 1341 &
1877 1260 2169 1335 mirator
2205 1260 2536 1343 eximius,

282 1371 367 1437 ut
414 1364 723 1456 integras
767 1357 947 1456 pene
985 1357 1357 1441 sententias
1432 1362 1505 1434 in
1557 1357 1762 1435 suum
1812 1357 2012 1435 usum
2063 1359 2534 1440 transtulerit,

285 1458 360 1534 δε
411 1456 682 1634 (Ῥοοά
730 1457 959 1551 solet)
1022 1454 1308 1534 liberius
1357 1454 1570 1556 paulo
1614 1454 1827 1534 latine
1880 1456 2281 1533 reddiderit.
2388 1455 2542 1533 Ma·
2606 1475 2607 1545 ᾗ

342 1582 429 1634 na
512 1557 641 1635 ane
666 1609 687 1638 ‚
740 1558 966 1641 fateor
989 1614 1010 1644 ‚
1079 1556 1400 1633 habenda
1459 1553 1764 1638 CELSO
1818 1559 2039 1656 gratia
2077 1612 2099 1646 ,
2187 1579 2328 1655 pro
2390 1555 2539 1631 red·

342 1662 431 1735 ita
484 1657 654 1735 huic
688 1662 890 1757 operi
937 1655 1169 1733 salute.
1282 1660 1372 1734 At
1430 1655 1622 1733 certe
1677 1655 1959 1733 illitam
2017 1655 2378 1738 cumulate
2426 1657 2539 1730 be-

283 1756 620 1835 neficium
670 1759 1085 1856 reponitur,
1113 1769 1193 1831 ut
1232 1755 1440 1850 hujus
1482 1779 1698 1855 opera
1745 1779 1835 1830 ex
1891 1754 2246 1832 insanitate
2277 1759 2352 1832 ἃ
2390 1776 2539 1854 per·

286 1859 692 1933 turbatione
724 1856 1026 1955 quadam
1050 1912 1070 1952 ,
1113 1854 1203 1931 ad
1230 1852 1585 1931 sanitatem
1619 1856 1691 1931 &
1718 1855 2336 1955 tranquillitatem,
2374 1850 2539 1948 ipse-
2608 1893 2609 1928 ι

287 1979 430 2053 que
478 1956 601 2030 fibi
645 1954 1199 2055 quodammodo
1245 1954 1598 2034 restitutus
1637 1954 1968 2031 videatur.
2074 1953 2294 2034 Hunc
2326 1955 2538 2053 igitur

286 2053 469 2130 nacti
523 2070 668 2131 tam
714 2054 1035 2130 nobilem
1078 2052 1265 2153 istiu-s
1312 2053 1561 2132 fabulae
1603 2054 1909 2130 actorem
1935 2110 1958 2139 ,
2011 2078 2162 2129 non
2219 2054 2320 2130 est
2347 2109 2369 2143 ,
2420 2073 2539 2129 cur

287 2154 377 2272 ad
417 2154 650 2270 verbis
698 2149 1490 2270 exaggerandas-buius
1543 2155 1778 2254 operis
1839 2154 2119 2248 laudes,
2174 2146 2535 2232 ambitiose

283 2253 1975 2470 igssiis⁹2ffisiss²ff¹f¹scpfssssfffflgiis‘rissuuoemmssssc
2007 2251 2394 2431 &332¹
2423 2271 2540 2425 Ξὲἷ

288 2458 576 2530 ornatio
601 2511 620 2542 ,
726 2448 1225 2555 ostnnaesvero
1278 2455 1604 2552 cognitio
1633 2510 1656 2543 ,
1704 2453 1791 2530 ad
1826 2477 1979 2530 eam
2003 2510 2026 2541 ,
2065 2477 2283 2554 quam
2312 2475 2453 2553 prae
2478 2447 2538 2522 se

252 2553 473 2642 ·fert,'
526 2549 999 2653 praedictionis
1054 2551 1409 2628 scientiam
1438 2608 1458 2640 ,
1504 2576 1656 2630 non
1707 2550 2091 2631 minimum
2132 2571 2542 2630 accommo-

294 2651 469 2729 data.
573 2653 813 2732 Αιωτ.
866 2649 1166 2729 Εοεειυε
1216 2659 1282 2724 in
1344 2655 1599 2750 Praefat.
1655 2653 1745 2733 ad
1800 2653 2124 2732 Praediffa.

331 2870 375 2928 .·
405 2848 720 2937 Secundi
768 2847 1311 2933 Praedifiionum
1361 2850 1523 2928 libri
1562 2850 1994 2940 doctrinam,
2051 2873 2422 2954 nunquam
2455 2845 2539 2924 sa-

289 2953 381 3028 tIs
415 2948 608 3052 poffe
647 2946 981 3026 celebrari
1021 2951 1369 3044 existima
1422 2949 1909 3029 Praenotiones
1955 2955 2149 3029 enim
2179 2952 2532 3033 continet,

291 3075 454 3152 quae
491 3049 846 3139 chronicis
892 3050 1160 3126 morbis
1195 3049 1617 3133 inserviunt:
1670 3075 1984 3150 quorum
2033 3067 2330 3129 eventus
2362 3045 2541 3125 ficuti

292 3149 881 3237 certiores-sunt,
939 3173 1153 3249 quam
1210 3165 1628 3230 acutorum,
1682 3154 1774 3228 ita
1820 3151 2108 3228 medico
2160 3152 2536 3253 plurimum

347 3250 543 3326 loriae
597 3305 619 3337 ,
704 3252 777 3332 ,δι
854 3249 1387 3325 existimationis
1443 3250 1750 3329 tribuere
1805 3247 2117 3353 possunt.
2288 3249 2536 3331 Panse.

438 3371 763 3426 ananus
801 3349 891 3423 ad
933 3349 1067 3428 Lib.
1116 3350 1600 3431 Praediaeionum.
