2644 4428
235 21 384 97 104
697 0 1128 81 AUREL.
1191 0 1556 87 CORN.
1617 0 2011 91 CELSI,

340 148 473 233 IX.
532 147 781 230 Morbi
813 174 966 231 non
980 151 1417 254 eloquentia,
1452 153 1569 232 sed
1593 151 1924 232 remediis
1943 164 2293 232 curantur.
2323 128 2531 248 pref
2565 95 2572 99 .

254 249 341 332 L
364 275 779 450 ipfizghe
814 350 985 450 quid
1041 374 1202 430 uam
1232 350 1329 429 est
1358 350 1627 428 stultius
1651 409 1672 437 ,
1722 374 1936 450 quam
1965 350 2174 450 quale
2207 348 2383 453 quid
2412 347 2550 424 vi-

206 480 213 495 ·
266 472 368 531 vo
404 449 701 525 homine
747 448 886 536 est,
939 466 1006 529 ta
1037 477 1075 528 e
1126 451 1517 528 existimare
1561 448 1695 530 effe
1728 455 2107 539 moriente,
2163 453 2325 528 imo
2372 452 2551 545 jam

264 565 596 661 ‘mortua
644 551 818 644 praefi
858 548 934 626 L.
979 576 1038 628 ι.
1069 575 1145 652 p.
1176 576 1284 627 11.

373 660 507 742 XI.
560 661 781 759 Cujus
823 666 922 738 rei
950 687 1098 741 non
1139 665 1235 740 est
1289 676 1475 741 certa
1515 660 1766 739 notitia
1796 718 1817 747 ,
1869 664 2017 758 eius
2066 662 2325 762 opinio
2381 658 2567 737 eet-

275 773 435 840 tum
486 764 789 860 reperire
844 763 1240 840 remedium
1270 784 1418 838 non
1462 764 1727 861 potest:
1768 786 2160 862 verumque
2186 762 2282 838 est
2308 760 2399 838 ad
2428 761 2571 859 ip·

276 860 422 940 sam
479 862 772 944 curandi
816 865 1166 940 rationem
1215 864 1396 939 nihil
1433 864 1588 966 plus
1638 864 1959 938 conferre
1988 919 2009 950 ,
2063 859 2281 965 quam
2316 883 2572 960 expe-

278 964 627 1044 rientiam.
671 963 848 1056 praef.
879 958 1040 1040 L1.
1073 986 1136 1060 p.
1177 982 1282 1053 13.
2572 980 2576 984 ·

381 1073 545 1154 XII.
599 1074 1075 1170 (Medicina)
1103 1075 1199 1152 est
1228 1099 1335 1151 ars
1373 1072 1873 1163 coniecturalis,
1900 1095 2133 1172 neque
2161 1073 2573 1174 respondet

281 1175 350 1252 ei
383 1174 808 1368 erIerlumque
844 1170 995 1251 n'on
1022 1175 1251 1251 solum
1278 1173 1697 1269 conjectura,
1718 1172 1834 1250 sed
1855 1174 2063 1250 etiam
2084 1177 2568 1275 experientia.

269 1295 405 1372 pra
435 1329 451 1348 .
585 1334 603 1349 .
641 1299 702 1351 1.
742 1298 809 1372 p.
847 1297 955 1366 13.

387 1379 587 1465 XIII.
639 1384 927 1464 Interest
963 1389 1154 1462 enim
1180 1441 1202 1472 ,
1236 1384 1556 1483 fatigatio
1579 1383 1913 1461 morbum
1933 1442 1955 1471 ,
1978 1407 2066 1460 an
2089 1382 2232 1460 fitis
2254 1434 2274 1464 ,
2307 1406 2395 1461 an
2425 1382 2572 1461 fri-

291 1505 475 1582 guS,
548 1508 637 1565 an
687 1485 926 1572 calor,
987 1510 1075 1561 an
1117 1484 1399 1582 vigilia,
1481 1508 1568 1559 an
1622 1484 1839 1561 fames
1908 1483 2221 1563 fecerit?
2270 1507 2360 1559 an
2399 1486 2571 1561 cibi

288 1585 591 1684 vinique
634 1583 1103 1674 abundantia,
1138 1607 1226 1662 an
1254 1585 1790 1685 Intemperantia
1824 1582 2210 1671 Iibrdrmsl?
2250 1586 2431 1680 prasi
2468 1581 2563 1662 L.

303 1701 371 1758 1.
453 1742 469 1763 .
504 1704 615 1776 14.
2229 1705 2233 1709 ⁴

388 1704 596 1861 ἓΝ.
650 1783 907 1884 Neque
939 1784 1264 1880 ignorare
1280 1782 1638 1863 medicum
1687 1796 2019 1881 oportet,
2056 1805 2214 1882 quae
2251 1778 2337 1859 fit
2376 1782 2568 1881 aegri

280 1895 585 1967 natura,
642 1882 1019 1959 humidum
1072 1908 1185 1958 ma
1242 1886 1338 1968 is,
1391 1906 1478 1957 an
1524 1885 1748 1980 magis
1788 1878 2045 1958 ficcum
2082 1904 2343 1980 corpus
2397 1884 2568 1977 ejus

292 1975 413 2058 fit.
471 1980 677 2056 validi
714 1984 930 2067 nervi,
968 2006 1057 2057 an
1099 1907 1357 2057 inl-:grmi
1386 2038 1407 2069 ,
1461 1981 1787 2083 frequens
1832 1981 2187 2086 valetudo,
2226 2005 2316 2057 an
2347 2004 2506 2058 rara
2535 2038 2563 2068 ,

438 2102 569 2167 ue,
623 2103 789 2157 cum
833 2082 970 2167 est,
1023 2081 1405 2162 vehemens
1448 2079 1582 2158 effe
1621 2081 1884 2169 soleat,
1925 2105 2014 2159 an
2054 2080 2267 2168 lenis,
2316 2081 2568 2158 brevis

293 2201 384 2261 an
444 2179 683 2280 onga?
730 2184 906 2280 praef.
940 2179 1016 2260 L.
1060 2198 1119 2260 r.
1152 2206 1219 2283 p.
1258 2204 1359 2278 14
2406 2277 2410 2281 ,

371 2288 568 2372 XV.
623 2291 774 2373 Vix
810 2295 952 2372 ulla
997 2310 1338 2395 perpetua
1372 2308 1720 2397 praecepta
1753 2293 2190 2372 medicinalis
2228 2316 2340 2371 ars
2377 2294 2571 2372 reci-

295 2393 427 2500 pit.
475 2395 648 2491 praef.
679 2392 763 2478 L,
810 2422 872 2478 1.
914 2419 980 2493 p.
1023 2421 1128 2489 17.
2294 2480 2298 2484 ¹

399 2500 608 2581 XVI.
666 2501 1145 2604 Hippocrates
1180 2503 1364 2581 dixit
1414 2504 1683 2582 mederi
1742 2516 2082 2603 oportere
2132 2503 2562 2583 communia

298 2601 378 2682 &
423 2606 707 2700 propria
757 2607 1179 2684 intuentem.
1227 2608 1406 2701 praef.
1446 2603 1525 2683 L
1563 2630 1618 2680 ι.
1654 2619 1722 2703 p.
1762 2626 1869 2696 17.
2364 2689 2372 2698 ,
2619 2645 2620 2648 ¹

153 2801 158 2805 ⁴
397 2706 639 2788 XVII.
695 2713 866 2791 Non
903 2713 1146 2792 eadem
1203 2716 1584 2803 omnibus,
1637 2717 1849 2792 etiam
1896 2713 1973 2788 in
2010 2709 2352 2790 fimilibus
2397 2708 2571 2790 cafi-

300 2808 436 2888 bus
472 2867 490 2895 ,
547 2812 998 2908 opitulantur.
1050 2815 1225 2910 praef.
1268 2811 1351 2902 L,
1392 2840 1447 2890 ι.
1477 2837 1548 2913 p.
1591 2827 1698 2898 18.

400 2919 669 3001 XVIII.
741 2924 894 3018 Qui
956 2922 1273 3006 secundis
1321 2923 1706 3022 aliquando
1762 2920 2007 3000 frustra
2073 2932 2357 3000 curatus
2415 2918 2567 3008 est,

300 3024 672 3118 contrariis
721 3021 897 3123 saepe
949 3025 1343 3102 restituitur.
1391 3026 1562 3120 praef.
1603 3022 1678 3100 L.
1720 3046 1776 3102 ι.
1808 3045 1875 3121 p.
1920 3046 2027 3109 19·

324 3213 329 3216 ,
401 3126 617 3222 XIX.
675 3131 860 3209 Cum
899 3157 1019 3230 par
1060 3133 1339 3211 scientia
1377 3131 1500 3220 fit,
1554 3133 1910 3226 utiliorem
1934 3147 2170 3208 tamen
2195 3127 2566 3212 medicum

305 3226 441 3306 esse
470 3231 1069 3325 (scias)amicum
1092 3292 1110 3320 ,
1157 3231 1374 3333 quam
1411 3247 1846 3313 extraneum.
1891 3233 2067 3327 pras.
2091 3228 2169 3306 L.
2207 3253 2265 3305 1.
2292 3253 2362 3328 p.
2393 3254 2511 3321 19.
2619 3319 2620 3322 Ν

405 3337 586 3418 ΧΧ.
647 3341 866 3419 Sanus
902 3344 1177 3431 hom0,
1231 3346 1356 3444 qui
1398 3342 1471 3416 ὅτ,
1504 3340 1685 3420 bene
1721 3339 1947 3421 valet,
2004 3342 2077 3417 &
2119 3331 2260 3415 suae'
2288 3338 2567 3438 spontis

307 3438 441 3524 est,
502 3439 709 3515 nullis
751 3442 1164 3541 obligare-se
1209 3443 1481 3544 legibus
1530 3441 1788 3528 debet,
1839 3463 1920 3517 ac
1960 3463 2194 3538 neque
2224 3439 2567 3530 medice,

308 3562 547 3638 neque
601 3541 990 3640 iatroalipta
1047 3566 1277 3642 egere.
1385 3538 1600 3619 Hunc
1638 3555 1931 3641 oportet
1979 3541 2246 3615 varium
2301 3538 2570 3618 habere

311 3638 472 3715 vitae
517 3662 745 3737 genus
773 3697 794 3730 ,
848 3641 1074 3720 modo
1112 3645 1255 3719 ruri
1294 3638 1468 3729 effe,
1524 3642 1751 3717 modo
1796 3642 1871 3715 in
1907 3640 2125 3717 urbe,
2179 3636 2437 3736 saepius
2487 3664 2571 3716 ue

316 3739 397 3817 in
429 3762 611 3841 agro
648 3763 670 3822 ε
721 3742 1047 3840 navigare
1070 3793 1091 3823 ‚
1132 3744 1372 3820 venari
1398 3792 1417 3824 ,
1443 3739 1795 3841 quiescere
1830 3737 2230 3832 interdum,
2280 3736 2402 3815 sed
2476 3764 2571 3817 re-
2619 3783 2620 3826 ;

2340 3863 2572 3942 quen-
