2644 4428
1019 20 1748 112 talsano,

260 163 726 276 facundiam
783 164 965 277 jure
1012 165 1422 255 miramur
1453 223 1485 274 ,
1560 162 1730 281 qua
1809 162 2111 282 vulgus
2164 159 2574 263 medico-'-

264 318 465 379 rum
532 297 796 407 longo
855 293 1051 407 post
1105 299 1185 383 se
1237 295 1684 383 intervallo
1734 293 2150 407 relinquit.
2264 293 2350 381 Si
2403 296 2558 395 Η

266 417 883 507 MERCURIALBM
987 424 1417 511 auetorem
1506 416 2073 538 graviffimum
2152 418 2426 507 audias
2515 480 2560 528 ‚

268 563 682 683 „praeter
738 547 1544 636 HIPPOCRATEM
1600 540 1772 632 fere
1825 543 2249 637 neminem
2303 540 2560 633 inve-

270 722 335 774 95
395 667 614 776 Dies,
673 689 1026 782 qultam
1067 671 1349 785 paneis
1401 671 1737 778 Verbis,
1784 671 2003 765 'adeo
2044 673 2558 781 mulmjest‘

270 845 333 899 2,
389 817 558 909 que
620 795 827 883 scitu
874 794 1333 910 digniflima
1385 792 2095 911 compleatamrss’

491 1077 1089 1164 Verumtamen
1168 1076 1614 1163 observatu
1681 1074 2029 1189 dignum
2077 1072 2269 1184 est,
2358 1086 2558 1169 non'

272 1215 577 1285 omnes
640 1204 976 1316 prorsus
1039 1201 1474 1290 sententias
1531 1136 2271 1291 HlPPoCRATIS'
2303 1260 2331 1308 ,
2390 1210 2562 1303 uni

272 1314 712 1437 eidemque
768 1326 987 1412 fonti
1062 1324 1410 1432 deberi,
1489 1325 1624 1411 sed
1695 1327 2136 1413 nonnullas
2217 1324 2559 1423 tantum

275 1465 385 1526 ex
434 1448 758 1536 ratione
814 1454 897 1540 ὅτ
940 1447 1412 1565 conicetura
1432 1507 1458 1554 ‚
1514 1452 1766 1565 longe
1823 1448 2206 1561 potiores
2262 1471 2560 1546 autem

275 1587 386 1648 ex
446 1572 1040 1662 observationis
1102 1576 1186 1663 &
1236 1570 1757 1687 experientiae
1834 1575 2222 1663 thefimro
2278 1574 2561 1666 fluxis

241 1686 388 1785 se·
504 1697 722 1838 Qae
773 1690 1340 1810 posteriores,
1397 1697 1637 1781 velut
1686 1696 2196 1808 sempiternae
2254 1702 2564 1791 verita?

278 1812 390 1901 tis
470 1821 888 1908 axiomata
948 1882 974 1929 ,
1075 1847 1422 1909 omnem
1523 1818 2099 1927 certitudinem
2172 1824 2486 1911 habent
2529 1879 2563 1928 ,

285 1965 476 2052 quae
530 1946 620 2033 in
675 1947 806 2033 his
868 1950 1116 2035 rebus
1171 1941 1582 2059 expestari
1633 1944 1970 2057 potest:
2028 1946 2353 2062 priores
2410 1976 2564 2037 au-

282 2080 464 2155 tem
520 2069 846 2157 nonnifi
918 2073 1281 2157 obscurae
1344 2067 1546 2157 lucis
1603 2073 1989 2157 umbram
2063 2098 2237 2183 prae
2296 2074 2376 2159 se
2442 2067 2567 2163 feL

284 2212 486 2282 runt
521 2252 548 2302 ‚
606 2214 749 2283 aut
806 2223 1003 2284 cum
1060 2193 1358 2282 fiffltiis
1417 2212 1801 2283 veterum
1841 2193 2562 2312 philosophorum

286 2324 815 2436 dogmatibus
886 2322 1066 2438 pari
1122 2319 1354 2436 passu
1415 2323 1861 2410 ambulant.

517 2607 787 2721 Qod
830 2624 1284 2717 utrumque
1344 2630 1605 2717 genus
1637 2605 1699 2690 fi
1738 2601 2131 2718 exemplis
2165 2601 2567 2696 illustrare

289 2728 537 2821 libeat
558 2791 582 2836 ,
643 2734 745 2819 ad
783 2732 1107 2818 fontem
1155 2753 1401 2814 merae
1436 2728 1857 2843 opinionis
1906 2731 1987 2819 ὅτ
2025 2729 2520 2842 conjefflmrae
2535 2792 2566 2840 ‚

290 2856 578 2948 referri
614 2874 1022 2972 poterunt
1059 2851 1286 2940 varia
1312 2854 1750 2967 dogmata:
1811 2857 1915 2941 de
1953 2854 2213 2944 calido
2247 2856 2569 2964 innato,

296 2981 406 3069 de
460 2982 814 3069 humido
871 2975 1190 3065 radicali
1222 3034 1249 3084 ,
1307 2978 1409 3060 de
1473 2973 1662 3088 igne
1698 2998 2101 3065 movente
2131 3039 2160 3086 ,
2214 2982 2318 3067 de
2353 3007 2575 3094 aqua

299 3104 717 3196 nutriente
739 3103 793 3212 ,'
823 3107 925 3190 de
968 3103 1141 3190 vita
1173 3127 1253 3207 7.
1294 3099 1614 3184 dierum
1637 3158 1666 3207 ,
1724 3102 1826 3186 de
1845 3101 2263 3212 genitura,
2296 3105 2400 3190 de
2431 3131 2572 3220 ge-

298 3231 728 3324 neratione
776 3227 1061 3332 laffis,
1119 3228 1220 3311 de
1268 3221 1768 3312 formatione
1809 3223 2061 3312 foetus
2088 3284 2116 3333 ‚
2160 3227 2263 3313 de
2320 3243 2577 3313 motu

301 3351 561 3451 foetus
602 3357 971 3476 uterini,
1029 3358 1130 3440 de
1176 3350 1709 3463 respiratione
1744 3348 2162 3459 ejusdem,
2220 3354 2325 3439 de
2359 3353 2581 3439 foetu

306 3483 757 3578 offlmestri
807 3510 988 3571 non
1042 3476 1337 3582 vitali,
1398 3476 1713 3590 aliaque
1767 3475 2007 3588 plura
2022 3535 2049 3583 ‚
2108 3504 2295 3590 quae
2357 3487 2580 3571 Libro

306 3612 414 3699 de
477 3613 851 3713 Comibus,
908 3611 1011 3694 de
1074 3621 1451 3703 Genitrerm
1508 3609 1610 3693 de
1672 3619 1963 3703 Natura
2004 3620 2258 3724 pueri,
2313 3605 2417 3688 de
2459 3615 2584 3693 In.

2278 3740 2581 3834 smmis,
