2644 4428
1160 11 1422 99 vom.
1646 90 1649 95 .
1882 26 1893 31 ’
2280 36 2440 120 272

117 232 144 253 .
268 171 636 255 micarum
671 181 884 249 nota,
1008 167 1196 266 Qua
1238 167 1413 250 ver&
1457 166 1765 259 celerem
1808 172 2262 274 empticium
2302 173 2430 255 haa

40 359 43 368 ,
113 320 126 333 -
219 338 234 347 .
273 274 498 360 bent,
551 285 709 349 tum
742 293 836 348 ex
867 273 1057 349 notis
1080 327 1103 358 .
1142 293 1302 370 quae
1333 270 1555 349 adeas
1582 268 2124 370 consequuntur
2151 330 2171 360 ,
2221 295 2426 353 com-

155 404 180 415 -
272 371 830 469 prehenduntur
860 427 882 459 ,
953 385 1111 449 tum
1163 373 1378 449 etiam
1424 394 1519 449 ex
1560 371 1935 449 doloribus
1972 427 1994 460 ,
2063 377 2191 473 qui
2237 377 2425 457 circa

273 472 486 547 initia
516 469 742 560 fiunt,
797 468 1145 571 fimulque
1178 468 1227 546 fi
1269 471 1545 571 spiritus
1577 473 1943 572 aliquanto
1973 476 2227 568 majori
2252 498 2426 555 cum

179 652 192 659 ,
277 568 698 673 difficultate
720 568 1037 653 trahitur.
1072 566 1102 597 ⁶
1144 579 1331 667 Coae.
1356 591 1525 667 402.
1580 580 1838 649 Praemt.
1873 596 2030 666 ¹05·
2073 587 2232 663 106.

132 666 418 764 Quod
463 668 513 745 fi
559 673 638 746 in
684 672 910 747 altero
948 682 1220 777 tautum
1258 670 1471 751 latere
1509 670 1927 775 suppuratio
1953 672 2210 761 fuerit,
2263 684 2424 755 tum

38 785 47 850 Ρ
278 787 557 848 vertere
584 827 608 860 ,
659 785 817 846 tum
864 769 1168 849 ediscere
1210 772 1299 847 ad
1353 768 1504 849 haec
1538 776 1878 849 convenit
1902 828 1926 860 ,
1979 796 2158 849 num
2204 772 2421 853 dolor

271 869 531 972 aliquis
576 870 876 948 alterum
903 874 1085 961 latus
1127 870 1473 963 detineat,
1502 872 1603 951 ’δι
1648 894 1824 951 num
1853 872 2077 949 altero
2126 871 2427 951 caiidius'

270 970 528 1059 fuerit,
582 984 796 1071 atque
848 973 968 1047 ubi
1006 974 1081 1047 in
1122 971 1298 1050 latus
1345 971 1587 1052 sanum
1618 970 2072 1052 decubuerit,
2122 966 2425 1051 interro·

259 1103 270 1113 ·
331 1096 483 1161 are,
534 1068 584 1146 fi
631 1069 830 1172 quod
861 1074 925 1148 ei
967 1071 1254 1170 pondus
1275 1070 1590 1170 desuper
1627 1070 2039 1169 impendere
2073 1071 2415 1153 videatur.

327 1174 399 1248 ic
437 1172 629 1249 enim
663 1169 1136 1257 alterdlatere
1156 1229 1178 1260 ,
1230 1174 1308 1249 in
1350 1194 1502 1273 quo
1529 1171 1819 1273 pondus
1840 1173 2210 1277 extiterit,
2256 1170 2419 1275 sup-

265 1274 556 1369 puratio
592 1271 710 1350 est.
817 1280 1077 1347 Praenot.
1116 1295 1284 1367 104.
1472 1276 1479 1283 “
2286 1276 2293 1283 ’
2414 1276 2425 1283 “
2480 1278 2485 1285 ’

40 1417 43 1474 Ι
135 1368 639 1470 Rumpuntur
678 1384 915 1451 autem
950 1394 1209 1471 magna
1243 1394 1338 1453 ex
1386 1382 1584 1470 parte
1631 1369 2170 1473 suppurationes
2198 1426 2221 1459 ,
2259 1395 2423 1472 par-

265 1473 404 1546 tim
455 1474 748 1573 quidem
810 1497 926 1553 20.
987 1470 1153 1559 die,
1217 1473 1478 1571 partim
1530 1494 1651 1566 40.
1732 1476 1987 1570 partim
2031 1475 2243 1551 etiam
2289 1482 2425 1553 60.·

266 1567 563 1664 Quibus
613 1574 833 1671 igitur
886 1574 1068 1647 inter
1105 1574 1302 1648 initia
1339 1562 1663 1647 intensus·
1688 1570 1904 1649 dolor
1962 1570 2211 1659 instat,
2279 1594 2421 1651 nec

251 1694 428 1761 non
464 1672 763 1770 spirandi
810 1667 1231 1759 difficultas,
1283 1671 1357 1747 ἃ
1384 1667 1619 1751 tussis,
1673 1694 1842 1748 cum
1872 1667 2235 1773 frequenti
2256 1671 2429 1771 spu-5

247 1774 543 1848 ‚tatione
570 1829 592 1861 ,
645 1775 832 1851 circa
867 1770 1285 1871 vigesimum
1324 1772 1514 1847 diem
1542 1827 1563 1859 ,
1626 1784 1746 1848 aut
1784 1769 2116 1850 celerius,
2169 1771 2423 1889 ruptiq

149 1892 162 1901 ·
265 1871 700 1975 expectanda
742 1872 859 1950 est.
988 1869 1280 1966 Quibus
1332 1885 1571 1947 autem
1613 1869 1883 1948 leviora
1940 1869 2094 1949 haec
2131 1866 2412 1950 insunt.

266 1972 412 2071 pr'o
467 1974 741 2049 ratione
785 1970 1000 2049 serior
1044 1973 1329 2071 eruptio
1368 1969 1606 2049 futura
1648 1970 1766 2047 est.
1894 1968 2035 2049 Sed
2081 1971 2153 2047 ὅτ.
2199 1968 2415 2057 dolo-¹

40 2057 43 2086 '
147 2088 162 2097 ·
265 2088 420 2146 rem
448 2086 476 2161 ,·
539 2072 611 2148 δε
655 2071 957 2172 spirandi
1000 2066 1485 2148 difficultatem
1527 2125 1549 2158 ,
1596 2093 1680 2149 ac
1726 2070 2039 2148 crebram
2089 2067 2414 2169 spiratio-

189 2164 206 2177 ‘
263 2193 481 2251 nem,
533 2175 990 2272 eruptionem
1030 2168 1246 2271 ipsam
1293 2169 1687 2271 praecedere
1715 2167 1979 2247 necesse
2020 2169 2135 2247 est.
2189 2166 2414 2247 Tem-

265 2274 465 2371 poris
505 2273 742 2349 a'utem
783 2275 964 2348 ratio
1009 2271 1320 2348 ineunda
1359 2269 1499 2358 est,
1553 2293 1643 2346 ex
1736 2292 1834 2350 uo
1883 2272 2199 2370 primum
2250 2269 2412 2371 quis

266 2370 641 2453 dolorem,
678 2386 798 2449 aut
822 2373 1233 2470 gravitatem
1264 2365 1501 2449 sensit,
1538 2385 1660 2445 aut
1717 2372 2110 2448 ebricitavit
2134 2369 2416 2469 aliqui&

267 2483 390 2548 aut
423 2468 472 2547 fi
518 2470 811 2570 quando
848 2472 1060 2550 etiam
1094 2471 1293 2570 rigor
1325 2468 1721 2571 prehendit.
1822 2478 2003 2546 Coae.
2020 2491 2193 2572 402.
2247 2475 2417 2546 Pu-

263 2591 391 2649 not.
427 2596 517 2650 10
567 2632 584 2647 .
1918 2595 1925 2604 ·

161 2695 212 2710 ··
286 2679 392 2742 AD
431 2595 901 2744 PREGNOSJN.

383 2772 637 2837 NOTAE
684 2770 1035 2834 SALUTIS.

42 2933 53 2944 .
160 2861 659 2966 Utplurimum
699 2866 895 2940 brevi
943 2862 1338 2950 servantur,
1391 2885 1575 2963 quos
1612 2860 1826 2939 febris
1856 2919 1877 2951 ,
1923 2860 2152 2939 statim
2194 2872 2415 2960 atquo

269 2989 390 3042 eru
449 2966 552 3040 tio
605 2963 776 3039 faita
828 2963 924 3038 est
951 3021 972 3051 ,
1046 2962 1388 3051 dimittit,
1474 2963 1548 3038 &
1607 2964 1812 3043 cibos
1862 2975 2254 3061 appetunt,
2324 2962 2401 3038 δε

268 3065 391 3166 qui
448 3088 529 3143 us
577 3085 715 3182 pus
754 3062 960 3139 facile
1001 3062 1333 3140 educitur
1368 3119 1391 3151 ,
1466 3063 1711 3139 album
1736 3120 1759 3153 ,
1811 3061 2059 3140 odoris
2102 3061 2407 3160 expers;

40 3165 51 3204 f
266 3164 434 3242 heve
457 3215 478 3246 .
531 3163 985 3264 eJusdemque
1027 3161 1291 3239 coloris
1316 3213 1341 3242 ,
1394 3160 1539 3240 fine
1565 3164 1857 3262 pituita,
1909 3185 1994 3240 ac
2034 3159 2230 3237 alvus
2257 3162 2419 3239 exi-'

40 3244 51 3301 ¹
266 3285 405 3364 gua
428 3320 452 3353 ,
507 3267 582 3341 &
628 3261 866 3341 coatia
909 3261 1164 3339 reddit.
1276 3270 1459 3338 Coac.
1489 3284 1660 3358 402.
1714 3270 1976 3339 Praenot.
2017 3271 2178 3347 108.

38 3350 51 3413 ³
403 3375 656 3438 NOTAE
707 3371 1150 3436 LETHALES.
1972 3403 1979 3416 .

38 3458 60 3554 ¹,
175 3466 334 3551 Atii
377 3469 828 3554 moriuntur,
879 3487 1066 3563 quos
1099 3462 1325 3540 febres
1372 3461 1946 3564 consequuntur,
2002 3456 2283 3546 &fitis,
2332 3457 2410 3534 ἀ

38 3576 47 3623 ῐ
167 3613 188 3626 -
271 3566 410 3643 cibi
449 3565 849 3650 fastidium,
903 3563 953 3638 si
998 3585 1133 3658 pus
1181 3561 1483 3639 lividum
1514 3621 1534 3650 ‚
1590 3575 1712 3641 aut
1765 3585 1857 3639 ex
1894 3560 2164 3660 pallido
2209 3553 2413 3635 viref-

40 3675 55 3736 ÷
179 3729 190 3738 .
274 3689 488 3754 cens,
541 3681 663 3742 aut
732 3663 1148 3763 pituitosum
1176 3718 1198 3749 ,
1287 3676 1427 3738 aut·
1466 3663 1794 3764 spumans
1828 3719 1849 3749 ,
1905 3684 1989 3739 ac
2034 3658 2317 3759 insuper
2358 3653 2416 3732 fi

40 3772 55 3817 Ρ
275 3767 462 3846 alvus
510 3765 604 3844 est
637 3765 925 3868 liquida.
1032 3771 1219 3840 Coae.
1257 3781 1425 3853 402.
1470 3773 1738 3864 ‚Praenon
1776 3783 1934 3854 ¹09·
2288 3815 2303 3832 .

40 3880 51 3939 ι
229 3913 238 3926 -
1269 3863 1317 3939 S
1375 3881 1411 3953 3
2230 3854 2421 3952 Qui,

45 3977 58 4018 ἰ

173 3891 190 3928 t
