2644 4428
1024 10 1746 108 fRAErarta

269 146 369 239 fi
386 146 607 246 τεᾶὲ
646 161 1050 248 calculum
1102 189 1518 277 ponamus
1537 223 1567 272 ,
1643 160 1948 253 summi
1999 158 2120 253 est
2183 167 2298 253 ad
2330 164 2543 251 salu·

178 367 186 373 .
278 296 456 368 tem
504 288 918 373 momenti
956 347 984 396 ‚
1064 318 1159 379 36
1222 292 1531 379 caeteris
1595 289 2095 382 auxiliorum
2154 288 2540 381 fontibus

278 403 533 522 longe
590 412 1016 498 antecellit.
1133 419 1353 504 Nam
1409 419 1575 506 fine
1633 414 2007 532 praefidio
2061 415 2468 504 diaeoetico
2508 466 2547 519 ο

283 553 543 616 nemo
596 535 1079 624 mortalium
1134 535 1346 626 bene
1409 546 1694 629 valete
1722 595 1752 648 ‚
1829 566 2085 627 nemo
2135 558 2550 656 aegrotam

282 650 503 743 tium
575 684 677 742 ex
736 678 956 747 voto
1026 665 1595 753 convalescere
1669 660 2008 778 potest.
2090 665 2301 750 dum
2369 662 2550 746 fine

280 777 596 866 auxiliis
649 781 981 897 reliquis
1003 843 1030 893 ,
1083 787 1381 875 infiniti
1431 788 1818 876 homines
1850 781 2195 903 pulchre
2229 788 2548 893 valent,

280 931 382 991 36
432 907 770 1020 plurimi
827 940 1244 1028 aegrorum
1295 920 1408 1004 D.
1469 920 1585 1007 D.
1662 915 1996 1005 feliciter
2051 913 2550 1003 eluaantur.

286 1039 429 1126 An
484 1061 664 1121 non
724 1040 1002 1153 quiete
1048 1045 1131 1133 ὅτ
1202 1042 1679 1135 abffinentia
1711 1103 1739 1153 ‚
1815 1044 2059 1131 multi
2121 1047 2203 1135 ὅτ.
2260 1042 2552 1157 magni

277 1159 564 1246 morbi
611 1165 1065 1255 curantur?
1122 1193 1310 1282 quae
1361 1190 1464 1258 ut
1500 1170 1949 1283 spontanea
1987 1163 2348 1271 auxilia,
2401 1191 2556 1250 nav-

279 1300 491 1372 turae
546 1288 1076 1378 medicati-icis
1132 1289 1568 1399 efficacii,
1647 1292 2215 1403 saepenumero
2266 1288 2370 1373 ad
2420 1312 2559 1371 re-

279 1416 836 1525 cuperandam
867 1420 1204 1506 salutem
1244 1417 1662 1506 sufficiunt
1676 1475 1703 1524 ,
1764 1420 1848 1506 ὅτ
1896 1417 2001 1502 de
2042 1412 2283 1502 hoste
2316 1439 2564 1502 mor..

278 1542 491 1631 boso
550 1544 1097 1653 triumphant.
1214 1550 1314 1633 In
1371 1550 1545 1635 hoc
1594 1542 1806 1635 νει-ὸ
1856 1568 2202 1659 magnus
2259 1538 2379 1628 est
2436 1544 2561 1628 le-

286 1668 622 1781 gissator
673 1674 1506 1789 HIPPOCRATES,
1567 1669 1718 1783 qui
1767 1662 2035 1756 vifflss
2086 1665 2498 1754 rationem
2520 1728 2554 1783 ,

274 1813 384 1874 ex
447 1794 630 1906 lege
678 1810 1062 1897 naturae,
1142 1789 1508 1881 studiose
1571 1789 2077 1905 dirigendam
2145 1785 2491 1905 suscepit
2523 1841 2557 1889 ,

278 1910 372 2002 in
419 1941 696 2028 eoque
747 1850 1067 2004 salutari
1119 1917 1548 2021 institutO,
1607 1916 1809 2005 alios
1841 1934 2231 2003 veterum
2277 1914 2565 2025 sequa-

291 2061 429 2122 ces
499 2040 794 2127 habuit
834 2098 861 2147 ,
947 2040 1097 2154 qui
1149 2040 1640 2129 medicinam
1696 2034 2175 2127 diaeteticam
2222 2036 2568 2152 diligen-

283 2180 416 2251 ter
482 2165 675 2255 sunt
733 2167 1213 2282 prosecuti,
1220 2188 1689 2289 tanquam
1757 2169 1923 2256 fine
1976 2162 2072 2253 63
2126 2165 2404 2254 debilis
2470 2165 2566 2254 &t

279 2309 581 2383 trunca
648 2293 840 2385 esset
915 2299 1192 2387 omnis
1271 2298 1589 2411 reliqua
1680 2294 2062 2384 medendi
2135 2290 2563 2382 mdustria.

283 2422 639 2509 Cusuu
682 2435 806 2532 (x)
862 2423 1141 2511 videas‘
1168 2484 1195 2533 ,
1274 2422 1571 2540 paflim
1640 2448 1747 2508 ex
1817 2439 2097 2510 mente
2181 2419 2568 2510 HIPPO-

277 2550 676 2636 CRATIS
708 2606 738 2658 ,
811 2553 915 2637 de
969 2550 1201 2638 viem
1256 2552 1647 2637 sanorum
1702 2552 1787 2639 δι
1839 2574 2260 2661 aegrorum
2316 2572 2562 2635 accu-

280 2668 459 2763 rate
508 2677 956 2790 praecipere
986 2737 1015 2785 ,
1074 2681 1157 2767 ὅτ
1203 2678 1353 2765 ubi
1404 2680 1508 2763 de
1566 2673 1924 2763 febribus
1980 2674 2149 2789 agit
2196 2673 2315 2783 (y)
2341 2733 2364 2768 .
2449 2676 2564 2762 de

282 2803 479 2892 cibo
529 2808 614 2894 δε
663 2812 886 2950 potu
924 2810 1292 2920 regendo
1350 2800 1689 2894 mirifice
1739 2798 2169 2909 differ-ere,
2231 2801 2314 2888 ὃ(
2345 2810 2567 2895 mul-

296 2942 440 3017 tos
491 2932 1052 3020 recentiorum
1104 2934 1193 3019 in
1249 2936 1654 3022 ruborem
1702 2935 1895 3019 dare
1927 2989 1954 3038 ‚
2017 2932 2166 3046 qui
2229 2935 2573 3022 medici-

288 3086 493 3148 nam
546 3059 917 3148 faciendo
944 3122 971 3170 ‚
1050 3060 1303 3148 diaetae
1347 3062 1758 3148 rationem
1817 3055 2094 3176 prope
2157 3061 2572 3172 negleffili

294 3180 608 3270 habent
636 3240 663 3290 ,
721 3210 815 3269 ac
875 3208 1223 3269 omnem
1284 3173 1530 3269 fere
1508 3211 1596 3268 m
1652 3179 2345 3296 pharmacopolio
2422 3210 2575 3269 ex-

300 3309 765 3411 hauriendo
822 3338 1108 3397 curam
1162 3327 1563 3424 ponunt.
1645 3311 1868 3423 quasi
1935 3335 2373 3422 nunquam
2429 3341 2579 3402 na-

297 3452 490 3526 tura
521 3435 665 3521 fibi
704 3432 1157 3542 sufficeret,
1213 3455 1362 3523 aut
1399 3460 1703 3547 parum
1751 3431 2119 3548 praefidia
2177 3430 2578 3521 diaetetica
