2644 4428
1096 39 1329 127 EMP.
2252 78 2350 162 ες

95 184 409 283 Quando
454 191 563 270 via
606 196 836 291 magis
875 192 1138 273 ducere
1165 194 1580 279 Elleborum
1602 256 1626 290 ,
1692 217 1992 284 moveto
2029 231 2338 310 corpus:

180 291 487 486 232⁰?ss
515 290 767 489 ξξίῖειτε
818 344 843 379 ,
919 293 1262 377 somnum
1322 299 1541 380 facito
1564 358 1588 392 ,
1660 303 1737 380 ἀ
1787 327 1944 383 non
2008 327 2330 392 moveto.

84 547 571 636 EMPYEMA.
620 551 850 636 Pums
893 556 1138 640 rua-ao
1185 558 1634 642 Corrucrro.
1710 561 2226 648 Surrunmo.
2497 633 2506 652 ,

193 677 295 742 ΔΙ)
357 677 802 745 DIAGNOSlN.

284 776 561 840 cAUsAE
598 776 1262 842 ANTECEDENTES.

84 866 371 966 Quibus
398 875 732 970 anginam
771 870 1324 972 effugientibus,
1375 872 1464 949 ad
1509 873 1938 971 pulmonem
1989 883 2316 971 vertitur,

174 968 299 1046 nifi
341 972 415 1049 in
457 994 526 1066 7.
579 973 829 1052 diebus
873 975 1283 1051 moriantur.
1390 974 1550 1067 Aph.
1602 984 1673 1053 V.
1707 999 1815 1053 10.

79 1066 374 1170 Sanguis
404 1074 480 1149 in
514 1088 835 1150 ventrem
872 1070 1126 1151 effusus
1221 1086 1421 1151 raeter
1464 1087 1810 1153 naturam.
1864 1076 2024 1170 Aph.
2060 1085 2164 1154 VI.
2196 1098 2315 1157 20.

78 1165 434 1261 Pleuritis,
469 1167 597 1249 nifi
623 1174 699 1249 in
741 1198 848 1270 ¹4·
888 1173 1137 1250 diebus
1182 1171 1455 1273 uperne
1477 1187 1917 1273 repurgetur.
1969 1177 2129 1269 Aph.
2157 1185 2225 1253 V.
2251 1194 2315 1266 8.

88 1264 454 1349 Pulmonis
483 1270 986 1360 inflammatio,
1025 1276 1099 1349 in
1135 1271 1389 1351 diebus
1412 1273 1855 1370 judicatoriis
1883 1299 2035 1352 non
2073 1300 2321 1376 repur-

168 1386 329 1468 gata
350 1429 373 1461 ,
426 1371 675 1450 verum
709 1393 875 1449 cum
914 1371 1168 1451 delirio
1200 1399 1307 1470 14
1340 1373 1489 1451 dies
1532 1372 1879 1472 superans.
1945 1384 2116 1454 Coac.
2151 1391 2316 1467 396.

73 1464 152 1547 ln
179 1471 441 1548 morbo
471 1471 782 1559 laterali,
834 1472 1088 1574 quibus
1127 1475 1310 1553 circa
1358 1476 1553 1551 initia
1600 1476 1673 1550 in
1710 1487 1948 1552 totum
1979 1477 2317 1575 purulen-

167 1585 252 1646 tae
296 1571 460 1648 sunt
499 1571 885 1673 spuitiones
911 1630 934 1662 ,
982 1571 1111 1650 nifi
1145 1596 1206 1667 3.
1239 1588 1361 1651 aut
1395 1598 1454 1661 ς.
1490 1572 1604 1653 die
1630 1577 2047 1654 moriantur.
2128 1586 2311 1654 coac.

273 1788 533 1855 NOTA:
583 1788 1148 1856 COMITANTES.

65 1883 296 1967 Febris
350 1912 503 1965 non
543 1886 908 1967 dimittens
935 1945 958 1976 ,
1024 1888 1332 1967 interdiu
1381 1887 1606 1967 levior
1631 1944 1653 1977 ‚
1704 1888 1926 1970 noctu
1973 1892 2262 1990 gravior
2285 1948 2310 1981 ,

158 1985 451 2066 sudores
489 1989 699 2067 multi
725 2040 746 2071 ,
816 1987 1026 2067 tuffes
1087 1989 1160 2064 &
1202 1985 1527 2068 tuffiendi
1569 1990 1917 2091 cupiditas
1949 2040 1971 2070 ,
2051 1991 2311 2092 absque

157 2085 376 2189 sputo
418 2089 714 2167 notabili
742 2101 783 2178 ‘,
831 2092 1027 2168 oculi
1076 2091 1277 2178 cavi,
1331 2089 1530 2167 malae
1569 2092 1900 2168 rubentes
1926 2146 1949 2178 ,
2025 2114 2308 2190 ungues

156 2187 484 2277 adunci,
553 2188 764 2290 digiti
819 2189 1070 2268 summi
1118 2188 1612 2268 incalescentes
1645 2247 1667 2278 ,
1721 2190 1793 2267 in
1841 2188 2142 2291 pedibus
2195 2203 2308 2267 tu-

157 2311 440 2370 mores,
491 2292 969 2393 inappetentia
994 2348 1013 2379 ‚
1066 2290 1141 2366 δε
1162 2289 1457 2392 pustulae
1495 2305 1656 2368 toto
1696 2312 2006 2392 corpore
2058 2292 2305 2368 oriun-

156 2391 286 2468 dae.
368 2399 625 2467 Praenot.
660 2406 818 2485 10·4.
921 2388 1235 2469 Sudores
1277 2392 1463 2468 ciroe
1509 2393 1860 2469 cervicem
1892 2442 1913 2471 ‚
1967 2391 2041 2467 δι
2091 2389 2308 2470 clavi-

154 2490 429 2570 culam,
466 2490 676 2590 digiti
702 2490 959 2567 snmmi
995 2491 1341 2578 calentes,
1391 2492 1465 2567 &
1492 2489 1748 2582 scabri,
1801 2514 2080 2592 ungues
2105 2493 2301 2582 unci,

155 2590 231 2665 ἃ
262 2588 865 2692 perfrigescentes.
970 2599 1146 2667 Coae.
1176 2612 1349 2688 402.

56 2684 245 2785 Qae
278 2694 381 2769 ob
428 2692 622 2792 puris
648 2687 839 2768 intro
867 2687 1364 2768 collectionem
1398 2688 1630 2767 febres
1663 2688 2144 2768 intermittunt
2167 2739 2188 2772 .
2225 2688 2305 2767 in

152 2789 266 2867 his
307 2814 567 2888 magna
609 2812 700 2868 ex
734 2803 932 2890 parte
967 2790 1137 2891 aegri
1171 2788 1510 2869 tenuibus
1534 2788 1909 2869 sudoribus
1945 2789 2304 2870 diffluunt.

156 2899 340 2965 Coae.
363 2913 533 2986 419.

57 2986 350 3086 Quibus
390 2989 572 3067 latus
619 2992 697 3067 in
744 3002 1116 3067 tumorem
1159 2988 1508 3069 sublatum
1551 2990 1686 3073 est.
1739 3013 1826 3070 ac
1863 2988 2156 3069 calidius
2181 3009 2312 3065 ex-

152 3091 298 3168 istit
343 3146 366 3180 ,
417 3089 540 3167 ubi
594 3090 670 3166 in
713 3086 1017 3167 alterum
1056 3089 1240 3169 latus
1289 3090 1870 3168 incumbentibus
1914 3147 1937 3178 ,
2015 3085 2307 3189 pondus

152 3189 531 3293 quoddam
575 3187 976 3289 suspensum
1024 3186 1161 3269 effe
1195 3189 1478 3271 videtur
1495 3246 1519 3278 ,
1567 3190 1654 3267 iis
1702 3211 1838 3291 pus
1869 3191 2014 3267 una
2046 3190 2123 3265 in
2148 3209 2308 3288 par-

153 3300 227 3367 te
260 3288 643 3369 collecium
687 3288 802 3367 est.
909 3296 1091 3366 Coae.
1120 3304 1291 3387 428.
2179 3307 2188 3313 ·

55 3388 352 3484 Quibus
416 3412 508 3468 ex
540 3390 777 3468 lateris
809 3386 1069 3466 dolore
1096 3445 1119 3477 ,
1175 3390 1389 3468 facias
1435 3388 1820 3467 rubor-ibus
1865 3390 2064 3467 velut
2104 3386 2310 3466 efflo-

154 3489 398 3576 rescit,
455 3492 528 3566 &
574 3491 774 3568 alvus
809 3490 909 3565 est
940 3488 1325 3590 liquidior,
1377 3511 1513 3590 pus
1553 3491 1629 3565 in
1655 3486 2126 3591 pulmonibus
2155 3488 2311 3567 col-

152 3587 415 3666 lectum
453 3589 732 3669 habent.
838 3597 1017 3666 Coae.
1053 3608 1221 3684 423.

56 3688 215 3786 Qui
251 3710 387 3785 pus
438 3689 631 3773 intro
673 3688 1041 3770 collefiuri
1084 3688 1244 3768 sunt
1274 3740 1297 3769 ‚
1354 3690 1440 3765 iis
1478 3686 1798 3790 prinlum
1846 3686 2142 3788 quidem
2187 3684 2315 3764 sal-

151 3786 574 3889 suginosum
602 3790 889 3896 sputum
918 3787 1309 3967 “spui‘ffi
1327 3788 1586 3869 deinde
1614 3786 1913 3868 dulcius.
1953 3795 2124 3867 coac.
2137 3806 2313 3945 401315
