2644 4428
276 14 285 25 .
425 0 502 33 111
525 0 763 46 ΡΝ..
811 0 999 51 alff-
1071 0 1291 33 lma·
1329 0 1550 52 ‘evulg-
1604 4 1936 35 unacum-v·
2269 18 2310 51 r

182 84 701 173 AESCULAPH
725 147 751 181 ,
798 89 1164 190 ‘Apollinis
1210 88 1342 171 filii
1370 145 1393 179 ,
1446 113 1538 168 ex
1583 88 1958 171 Coronide
1996 87 2308 195 Phlegiae

134 182 239 269 flia.
290 199 380 267 N.
424 212 498 271 2.
546 190 740 273 Nam
770 206 912 271 tres
951 188 1223 291 alioqui
1249 189 1690 290 AEsculapios
1746 188 2026 270 emano
2063 216 2309 272 recen..

126 286 221 373 fit,
262 291 584 392 primum
638 291 843 371 illum
883 346 907 379 ,
958 293 1088 393 qui
1140 289 1509 392 speculum
1551 292 1955 381 invenerit,
2004 294 2307 393 primus-

126 410 221 493 que
258 391 525 471 vulnus
565 391 901 571 οδΙὶΞΞιίε
925 446 948 481 ,
998 413 1219 492 quem
1268 388 1577 469 Arcades
1617 389 1955 469 colebant
1973 446 1995 479 ,
2053 391 2307 473 Messe.

124 494 267 569 ium
312 507 536 583 ortu,
584 489 718 593 Epi
809 491 1294 580 uriincolam,
1346 492 1476 571 ubi
1515 489 1592 566 δι
1627 491 1981 591 templum
2019 494 2084 568 ei
2115 518 2307 573 erec-

102 602 261 679 ssm:
307 592 621 671 alterum
662 591 1008 671 Mercurii
1048 590 1096 668 f.
1140 589 1444 669 fulmine
1562 587 1913 679 rcuss'um,
1964 590 2064 669 ob
2098 593 2308 672 resuss.

100 693 351 771 *numm
404 706 784 773 mortuum
809 747 835 781 ,
884 687 1268 790 Cynosuris
1302 689 1420 808 sep
1501 704 1698 767 tum:
1748 692 2039 770 tertium
2063 691 2301 813 Δεῦρ-

98 832 99 835 ¹
116 790 163 889 β
195 791 259 868 &
295 789 630 872 Arfinoes
662 848 688 882 ,
754 794 883 893 qui
948 792 1218 890 primus
1260 790 1395 868 alvi
1438 789 1940 888 purgationem
1967 847 1991 881 ,
2046 791 2308 871 dentis-

114 911 213 987 «με
238 889 679 970 evulfionem
733 893 993 992 reperit
1015 947 1038 980 ,
1091 892 1172 967 in
1207 888 1504 972 Arcadia
1546 887 1899 968 humatus.
1985 890 2304 973 Trisme-

114 990 275 1087 gistns
298 991 794 1092 AEsculapium
822 990 1241 1092 AEgyptium
1281 989 1450 1068 facit
1471 1045 1494 1077 ,
1547 989 1924 1069 medicinae
1973 993 2304 1073 inventoe

110 1111 255 1180 rem,
305 1096 429 1170 cui
462 1108 610 1169 tem
669 1092 816 1169 lum
862 1096 939 1168 in
987 1104 1236 1168 monte
1269 1087 1511 1191 Libyae
1542 1089 2028 1169 consecratum
2062 1091 2298 1176 firerit.

115 1190 174 1266 lt
198 1215 317 1270 cur
364 1191 564 1269 nulla
690 1216 732 1271 c
775 1190 1053 1271 Paeonis
1119 1193 1395 1268 mentio
1429 1246 1452 1278 ‚
1506 1212 1722 1290 quem
1771 1188 2104 1270 Deorum
2149 1218 2301 1274 me-

110 1287 295 1368 ticum
339 1292 518 1369 facit
551 1290 926 1370 Homerios
960 1346 983 1380 ,
1037 1314 1205 1368 cum
1255 1288 1632 1389 AEsculapii
1663 1302 1981 1378 tantum,
2027 1305 2112 1370 ut
2160 1292 2302 1373 ho-

111 1394 312 1480 niuis,
338 1392 818 1473 meminerit?
869 1393 982 1470 An
1016 1389 1220 1492 quod
1271 1390 1361 1467 ab
1407 1389 1742 1489 Apolline
1790 1389 2101 1489 profesta
2149 1417 2300 1474 me-

110 1487 294 1570 dicina
332 1548 355 1580 ,
423 1490 675 1571 Paeoni
722 1488 1050 1570 Deorum
1104 1546 1130 1580 ,
1195 1488 1602 1590 AEsculapio
1657 1488 2040 1568 hominum
2102 1493 2301 1575 must

112 1592 472 1670 macredita
508 1591 709 1672 fuit?
796 1605 880 1669 ut
935 1588 1241 1690 proinde
1288 1612 1442 1670 non
1510 1601 1657 1666 tam
1705 1587 1981 1669 Paeonis
2003 1647 2025 1682 ,
2078 1615 2299 1695 quam

107 1685 443 1794 AEsculapii
499 1689 622 1769 hic
663 1692 843 1769 ratio
891 1691 1107 1768 fuerit
1147 1688 1492 1767 habenda.

172 1787 531 1871 Faunum
579 1789 1008 1869 AEscumrn.
1082 1788 1367 1869 Prmms
1419 1796 1489 1865 L.
1525 1801 1637 1883 36.
1710 1789 1786 1866 δε
1853 1786 2296 1873 Humerus

105 1904 371 2067 ἔξω
419 1904 805 1969 numerant
862 1889 1241 1991 AEsculapii
1281 1887 1457 1966 filias
1477 1943 1500 1977 ,
1558 1885 1888 1989 Hygeam
1907 1945 1929 1979 ,
1979 1888 2239 1992 AEglen
2261 1952 2289 1984 ‚

248 2014 479 2079 ceam,
540 1991 613 2067 ἃ.
652 1987 819 2091 Jaso
843 2046 866 2079 ,
917 2013 1008 2066 ex
1051 1987 1226 2068 Iam
1281 1990 1417 2066 etia
1454 1987 1618 2065 solis
1642 1987 1783 2067 filia
1827 2004 2064 2084 natas3
2113 2016 2294 2093 qua.

104 2107 222 2165 mm
257 2090 501 2169 fratres
542 2090 741 2167 fuere
775 2088 1199 2169 Podalirius.
1325 2086 1709 2168 Machaon.
1815 2083 1958 2168 Hic
1987 2089 2292 2172 duarum

104 2186 337 2268 tantum
386 2191 715 2270 meminit
735 2246 757 2280 ,
809 2204 1145 2291 tanquam
1191 2202 1367 2268 natu
1408 2191 1807 2284 majorum:
1909 2212 2164 2266 uarum
2192 2194 2289 2270 al-

97 2289 494 2402 tprasanitati
531 2293 830 2390 integrae
909 2289 1099 2368 raeest
1122 2345 1145 2380 ,
1195 2291 1304 2367 uti
1333 2286 1782 2367 conservetur
1806 2345 1829 2377 ,
1858 2213 1954 2367 ch

98 2383 243 2467 ltoet.
293 2401 385 2470 Ν.
426 2415 487 2485 3.
515 2391 729 2469 altera
763 2391 830 2468 ei
879 2415 996 2469 em
1041 2387 1495 2476 labefastatae,
1548 2389 1654 2465 uti
1688 2387 2082 2467 restituatur
2110 2448 2133 2480 ,
2162 2390 2289 2472 Pa-

95 2505 273 2567 moea
308 2492 666 2569 nimirum.
722 2498 814 2567 N.
847 2515 915 2587 4.
968 2488 1290 2590 Reliquae
1327 2488 1488 2567 duae
1514 2538 1536 2569 ,
1579 2503 1746 2566 natu
1777 2489 2138 2582 minores,
2168 2489 2290 2594 Ja-

94 2581 150 2662 so
180 2588 459 2686 quidem
508 2590 887 2672 utilitatem
922 2587 1348 2678 hominum,
1400 2590 1525 2689 qui
1565 2586 1702 2665 sese
1742 2587 2036 2669 medicis
2083 2615 2289 2671 com-

95 2687 306 2796 tuisere
338 2746 361 2779 ,
407 2690 688 2769 videtur
714 2693 1098 2768 denotare:
1149 2686 1357 2788 AEgle
1383 2683 1555 2765 vero
1602 2688 1910 2785 gloriam
1937 2745 1960 2778 ,
1989 2691 2063 2770 δι
2106 2694 2284 2772 9Χίίῖ-

97 2789 499 2865 nmationem
541 2846 565 2879 ,
636 2813 797 2889 quae
846 2788 1211 2867 medicum
1258 2790 1661 2866 comitatur.
1796 2786 2004 2884 Quid
2050 2789 2225 2873 vero
2254 2843 2281 2885 .

92 2887 260 2980 quod
296 2887 593 2967 filiarum
621 2892 864 2989 potius
886 2946 908 2977 ,
962 2911 1178 2988 quam
1217 2885 1529 2965 filiorum
1554 2885 1739 2965 sacra
1770 2885 1891 2967 hic
1913 2888 2012 2966 est
2043 2891 2288 2971 aucto-

95 2984 273 3061 titas?
344 2992 454 3068 An
505 2989 712 3090 quod
760 3013 887 3090 per
907 2987 1092 3064 filios
1121 2978 1498 3086 AEsculapii
1523 3036 1545 3067 ‚
1593 2985 1934 3084 ipsosmet
1981 2990 2281 3070 artifices

94 3085 374 3165 medicos
404 3087 774 3189 ingeniosa
806 3089 1205 3187 exprimere
1250 3087 1484 3163 voluit
1520 3088 1663 3164 anti
1720 3088 1940 3164 uitas:
1990 3111 2120 3190 per
2151 3089 2282 3171 fili..

96 3200 150 3255 ar
188 3184 347 3265 vero
389 3213 509 3276 ea,
571 3212 731 3287 quae
773 3190 849 3264 in
890 3184 1047 3288 ipfis
1072 3188 1599 3286 requirerentur
1640 3209 1688 3262 o
1770 3188 1875 3263 cia
1899 3237 1921 3267 ,
1973 3210 2279 3294 quaeque

96 3283 345 3362 eosdem
371 3287 974 3390 consequerentur
998 3299 1415 3363 ornamenta
1437 3308 1463 3378 3
1513 3308 1827 3385 quorum
1856 3287 1933 3364 8(
1959 3288 2273 3388 adeptio,

95 3376 155 3452 ἃ
180 3385 469 3477 potreffio
506 3387 843 3469 Deorum
891 3388 1322 3486 benignitate
1361 3385 1804 3464 obtineretur
1826 3442 1853 3476 ,
1902 3388 2280 3472 confirma-

95 3491 384 3661 tesszqge
393 3487 751 3704 indicatur
782 3585 1196 3704 jurekjnrmdi
1238 3592 1501 3704 materia
1525 3642 1548 3674 ,
1600 3583 1777 3686 quid
1815 3555 2012 3683 „juret
2042 3587 2280 3668 Medi·
2323 3605 2340 3636 ²

97 3695 236 3759 cuz:
281 3685 592 3768 videlicet
612 3684 802 3765 infra
831 3683 1078 3789 scripta
1121 3708 1369 3866 omnAa
1391 3681 1525 3762 sese
1551 3708 1688 3789 pro
1716 3685 1938 3790 poffe,
1975 3688 2048 3766 δε
2079 3689 2283 3866 riq-sse

1389 3807 1445 3882 4
2181 3815 2282 3869 uo

1952 2313 2134 2391 ygea
2167 2291 2294 2370 sci-
