2644 4428
1039 41 1330 132 PURG.¹
1591 107 1598 114 .
2179 75 2336 157 219

59 196 327 278 ssorbi
364 198 597 298 vigor.
700 195 867 296 Apb.
906 205 995 277 ΙΙ.
1027 223 1145 292 29.

59 301 261 395 Quae
297 301 701 396 judicantur
724 350 746 379 ,
798 301 872 377 8:
917 299 1229 396 judicata
1254 300 1419 379 sunt
1452 295 1771 403 perfeste.
1834 304 1997 400 Apb.
2029 317 2083 387 1.
2112 330 2231 390 20.

59 403 223 498 Qui
265 403 470 498 nigra
504 402 905 479 vomitione
954 402 1351 490 refundunt
1374 460 1396 493 ,
1448 404 1651 484 cibos
1679 402 2072 485 aversantur
2092 467 2115 496 ‚
2157 412 2335 495 defi.

168 502 429 602 piant,
481 501 555 577 dc
583 500 863 606 pubem
878 502 1212 582 nonnihil
1247 502 1538 593 dolent‚‘
1581 527 1752 588 cum
1783 504 2060 605 aspectu
2081 510 2335 620 feroci,

170 603 247 678 δι
305 598 551 680 olaufis
594 602 828 678 oculis
850 652 872 683 ‚
927 625 1055 680 eos
1113 604 1654 689 medicamentis
1687 625 1998 706 purgare
2019 662 2045 696 ,
2097 621 2338 696 tu’tutn

169 713 326 778 non
353 700 472 777 est.
581 704 858 778 Praediki'.
897 712 951 780 Ι.
984 728 1102 799 7¹·
2009 765 2020 778 .

59 800 334 901 &leque
371 796 543 879 vero
581 800 1067 891 subtumidos‚
1122 813 1245 880 aut
1269 801 1704 881 tenebricosa
1738 805 2090 905 vertigine
2123 834 2340 894 vexa-

84 950 105 961 ·
162 917 329 989 ωε,
378 915 501 978 aut
535 925 659 978 eos
689 960 713 991 ‚
768 905 894 1001 qui
947 904 1056 980 vel
1112 904 1364 981 leviter
1418 906 1601 979 moti
1651 906 1895 982 animo
1940 906 2333 1004 deficiunt,

168 1016 299 1079 aut
336 1003 540 1078 cibos
581 1002 978 1081 aversantur
1002 1054 1023 1085 ‚
1078 1006 1151 1081 &
1181 1003 1555 1082 decolores
1598 1002 1803 1098 sunt;
1853 1018 1933 1083 ut
1972 1031 2112 1089 nec
2155 1035 2280 1091 eos
2307 1066 2333 1097 ‚

170 1104 299 1202 qui
333 1104 407 1179 in
443 1102 639 1180 febre
686 1103 959 1182 exoluti
987 1158 1009 1191 ,
1062 1120 1186 1182 aut
1211 1103 1407 1182 fraffl
1444 1105 1942 1195 decumbunt,
1992 1106 2042 1183 si
2078 1108 2340 1213 sopore

169 1216 573 1285 tententur,
628 1206 1061 1304 purgatione
1096 1205 1396 1307 aggredi
1423 1261 1448 1294 ‚
1501 1218 1740 1282 tutum
1777 1204 1893 1284 est.
2002 1210 2161 1288 Ibid.

59 1327 309 1407 Partes
345 1325 433 1402 ad
472 1326 896 1403 umbilicum
924 1384 947 1418 ,
1012 1327 1085 1403 δι
1121 1328 1352 1403 imum
1392 1338 1711 1404 ventrem
1739 1381 1760 1414 ,
1817 1340 2066 1405 tenues
2095 1331 2171 1409 dc
2216 1334 2341 1412 eli.

170 1441 423 1527 quatas
480 1423 739 1503 habere
768 1482 793 1514 ‚
858 1424 1341 1529 periculosum
1388 1427 1528 1517 est,
1580 1426 1668 1503 ad
1721 1425 2028 1506 infernas
2077 1454 2340 1534 purga..

169 1531 430 1603 tiones.
534 1529 692 1622 Apb.
728 1536 808 1603 ΙΙ.
847 1550 961 1624 35.
1588 1539 1600 1545 “

59 1623 388 1708 Minime
425 1624 780 1727 purgandi
812 1627 971 1705 sunt
1009 1623 1451 1704 raucedinofi
1475 1681 1499 1714 ,
1556 1621 1804 1703 lienosi
1835 1682 1858 1715 ,
1901 1626 2334 1728 asthmatici‚

142 1728 248 1802 -&
301 1724 479 1806 licea
530 1726 695 1812 ,tuffi
748 1729 1146 1806 laborantes
1186 1783 1206 1816 ‚
1250 1726 1549 1813 icterici,
1622 1724 2013 1824 stranguria
2060 1730 2339 1816 affeffiii.

166 1828 247 1904 &
282 1829 543 1929 quibus
588 1829 786 1906 alvus
840 1829 1070 1906 cruda·
1106 1825 1394 1921 dejicit,
1446 1826 1522 1903 ἃ
1561 1827 1686 1926 qui
1738 1822 2339 1931 haemorrhagiam

164 1930 553 2034 patiuntur.
669 1936 771 2004 De
805 1931 983 2008 Vitta
1012 1947 1183 2002 aeut.

219 2077 542 2145 REGULAE
592 2078 855 2160 quadam
901 2075 1504 2144 THERAPEUTICAE
1551 2075 2009 2149 GENERALES.

59 2207 149 2289 ln
208 2206 756 2303 purgationibus
800 2204 959 2282 talia
999 2201 1040 2283 ὲ
1090 2227 1404 2304 corpore
1442 2203 1606 2282 sunt
1647 2202 1972 2282 ducenda
2002 2254 2023 2285 ‚
2105 2204 2338 2306 qualia

170 2308 386 2382 etiam
434 2305 688 2406 sponte
738 2304 1159 2403 prodeuntia
1199 2305 1398 2383 utilia
1444 2304 1649 2382 sunt:
1695 2307 2058 2383 contrario
2095 2321 2337 2384 autem

174 2406 407 2483 modo
457 2406 930 2508 prodeuntia,
990 2404 1302 2483 fistenda.
1404 2404 1566 2497 Aph.
1602 2414 1710 2481 IV.
1744 2429 1809 2483 2.

59 2506 269 2601 Qnae
321 2506 585 2584 ducere
658 2520 1004 2607 oportet,
1087 2500 1239 2605 quo
1297 2507 1609 2583 maxime
1660 2515 2006 2603 vergant,
2062 2497 2156 2582 eo
2209 2499 2339 2583 du*-

170 2607 398 2683 cenda
425 2662 444 2694 ,
502 2631 628 2707 per
666 2607 822 2682 loca
869 2605 1386 2682 convenientia.
1487 2604 1647 2699 Aph.
1682 2615 1732 2683 I.
1765 2628 1882 2683 21.

59 2707 225 2788 Ubi
272 2706 363 2782 ad
402 2709 623 2782 animi
661 2705 1057 2808 deliquium
1106 2705 1368 2781 ducere
1407 2720 1757 2804 oportet,
1811 2704 1959 2782 hoc
1997 2703 2210 2783 etiam
2241 2704 2340 2782 fa-

172 2803 518 2884 ciendum
547 2857 568 2886 ‚
622 2804 672 2882 fi
714 2828 899 2904 aeger
948 2802 1266 2882 sufficiat.
1370 2805 1531 2895 Apb.
1576 2816 1627 2907 ζ.
1666 2825 1788 2892 23.

59 2908 409 3004 Corpora
470 2907 593 2982 ubi
631 2909 791 3003 quis
832 2929 1134 3006 purgare
1178 2904 1535 3001 voluerit„
1591 2905 1796 2985 facile
1836 2902 2127 2983 fluentia
2178 2904 2346 2980 red·

170 3006 343 3083 dere
385 3018 698 3105 oportet.
799 3007 961 3101 Aph.
1005 3015 1092 3081 11.
1130 3033 1201 3098 9.
2199 3038 2204 3047 ⁴

60 3104 230 3186 Ubi
287 3107 544 3184 biberit
580 3108 740 3206 quis
777 3105 1229 3183 elleborum,
1282 3102 1373 3180 ad
1415 3106 1778 3182 motiones
1824 3103 2121 3207 quidem
2178 3124 2343 3180 cor-
2479 3118 2500 3127 “

170 3220 490 3308 porum,
543 3210 766 3303 magis
807 3206 1024 3285 ducit.
1130 3205 1240 3281 Ad
1268 3202 1561 3282 somnos
1599 3201 1822 3294 vero,
1877 3206 1954 3282 δι
2043 3203 2337 3291 uietem,

60 3324 63 3329 ·
176 3308 441 3385 ωἰηυε.
548 3302 881 3403 Declarat
932 3320 1170 3383 autem
1221 3305 1293 3381 δε
1346 3306 1704 3406 navigatio
1741 3361 1764 3393 ,
1846 3312 1997 3408 'quo
2093 3319 2340 3383 motus

168 3406 410 3485 turbat
452 3428 781 3506 corpora.
881 3406 1184 3500 Aph.1V.
1224 3430 1337 3500 14.
1978 3404 1986 3413 '

60 3506 401 3601 >Quando
438 3510 545 3583 vis
588 3509 816 3606 magis
866 3507 1127 3584 ducere
1172 3506 1571 3582 elleborum
1611 3561 1633 3601 ‚
1686 3516 1984 3581 moveto
2044 3526 2332 3602 corpus.

172 3602 500 3697 Quando
556 3604 731 3684 vero
782 3604 1078 3694 cessare,
1138 3606 1469 3682 somnum
1507 3603 1767 3694 facito,
1824 3607 1900 3684 δε
1964 3627 2123 3684 non
2179 3628 2346 3683 mo·

178 3721 366 3782 veto.
464 3708 624 3801 Aph.
661 3716 773 3784 IV.
816 3731 927 3797 ις.

60 3802 356 3889 -ΒίΙίοίίε
401 3807 918 3909 mediqamenta
958 3805 1374 3907 cholagoga
1419 3801 1693 3895 danda,
1740 3800 2101 3905 pituitolis
2135 3802 2346 3905 phle-

60 3964 63 3967 ·
2137 3924 2354 4003 8⁰1³(
