2644 4428
1043 32 1244 119 PER.
2061 65 2066 68 *
2108 57 2258 134 203

135 177 543 256 >lurionem
596 174 951 268 sentiunt,
1036 179 1112 259 ἃ
1155 173 1301 256 flue
1363 172 1562 256 sensu
1609 179 1792 275 jacet
1847 198 2040 281 aeger
2078 180 2279 280 frigi.

138 302 226 354 us
258 334 281 366 ,
342 276 660 356 secundo
704 293 959 360 -autem
988 332 1012 366 ,
1070 291 1196 358 aut
1236 279 1453 356 tertio
1504 278 1620 355 die
1662 279 1920 358 interit.
2035 278 2272 375 Quod

165 379 560 476 contingat
580 436 601 466 ,
649 391 728 455 ut
761 400 892 457 cor
923 377 1104 460 nihil
1136 378 1276 455 tale
1306 376 1653 484 quiddam
1674 434 1695 464 ,
1748 392 1869 457 aut
1898 382 2109 458 etiam
2137 383 2275 459 mi·
2333 457 2338 462 Α

142 500 231 553 us
286 480 595 576 patiatur
619 528 639 557 ‚
711 477 982 558 diutius
1045 481 1297 558 vivunt
1342 535 1367 570 .
1442 478 1779 560 nonnulli
1833 476 2009 560 <tero
2056 484 2270 564 etiam

135 593 485 656 ervantur.
593 583 768 657 Coac.
795 599 964 674 401.

212 720 485 784 NOTA-3
514 718 1163 790 SUPPURATIONJS
1197 718 1575 792 FUTUR-AE·

135 861 293 915 mm
356 838 691 917 locorum
727 839 1020 918 dolores
1044 899 1067 930 ‚
1172 839 1246 917 ui
1273 862 1514 958 neque
1539 861 1665 936 per
1694 838 2068 941 sputorum
2100 865 2272 944 pur..

135 941 476 1031 rationes,
529 964 765 1041 neque
801 941 1077 1018 foecum
1186 942 1256 1016 vi
1305 938 1819 1038 dejectionem,
1874 963 2112 1043 neque
2157 969 2278 1022 ve-

135 1031 598 1118 naeseciionem
631 1098 651 1128 ,
705 1053 827 1118 aut
866 1041 1390 1118 medicamenta
1442 1044 1816 1139 purgantia
1860 1096 1884 1129 ,
1930 1044 2005 1118 ἀ
2053 1043 2277 1123 vietus

138 1143 467 1217 ationem
499 1139 826 1218 sedantur
849 1196 874 1231 .
924 1163 1053 1218 eos
1078 1140 1169 1218 ad
1204 1137 1787 1241 suppurationem
1831 1143 2124 1222 tendere
2146 1141 2277 1223 sci-

135 1238 386 1316 ndam
428 1239 544 1317 est.
647 1249 902 1319 Praenot.
934 1268 1052 1335 99.
1115 1248 1285 1318 Coae.
1322 1263 1486 1337 394.

141 1342 464 1440 icunque
563 1342 880 1418 ulmonis
934 1337 1503 1419 inflammatione
1574 1338 1898 1419 laborant
1933 1398 1957 1433 ‚
2035 1365 2279 1442 neque

135 1438 371 1516 liebus
414 1442 488 1538 J'u
546 1443 850 1518 icatoriis
902 1454 1378 1544 repurgantur
1401 1498 1423 1529 ,
1496 1437 1746 1517 verum
1794 1465 1964 1519 cum
2019 1441 2274 1520 delirio

135 1561 229 1711 [14.
273 1536 430 1617 dies
489 1539 947 1642 superarunt,
1016 1544 1102 1618 iis
1152 1541 1678 1642 suppurationis
1719 1556 1953 1621 metus
1990 1543 2276 1646 impen-

160 1653 254 1714 et.
371 1647 541 1716 coac.
675 1655 739 1719 6.

135 1664 1192 1940 ffirxffiffiffifflzissffiff‘
1213 1738 2049 1920 twa,
2076 1739 2277 1934 {1³33-

135 1964 232 2029 mt
288 1974 383 2028 ex
435 1955 804 2051 pulmonis
862 1950 1430 2030 inflammatione
1479 1948 1860 2032 abscessus,
1920 1953 2071 2029 aliis
2119 1956 2281 2055 qui-

135 2051 290 2127 :lem
331 2053 407 2127 in
461 2053 771 2152 partibus
820 2052 1274 2131 inferioribus
1301 2111 1325 2141 ,
1376 2075 1562 2154 quos
1627 2051 1809 2128 circa
1885 2054 2280 2151 praecordia

135 2150 583 2231 inflammatio
629 2154 918 2254 fatigat:
969 2153 1123 2231 aliis
1179 2177 1355 2232 vero
1399 2157 1479 2231 in
1525 2151 2009 2252 superioribus
2062 2155 2277 2254 parti-

137 2254 300 2342 bus.
349 2255 610 2353 quibus
646 2251 1033 2354 praecordia
1082 2256 1440 2344 tumoris,
1490 2255 1567 2331 δε
1614 2253 1888 2329 doloris
1930 2251 2093 2329 sunt
2155 2276 2281 2329 ex-

137 2353 386 2449 pertia,
439 2353 740 2451 spirandi
767 2369 1007 2433 autem
1039 2350 1413 2433 difficultas
1459 2376 1592 2453 pro
1635 2366 1965 2451 tempore
1990 2349 2284 2430 accesse-

137 2453 264 2541 rit,
338 2475 499 2551 quae
553 2454 817 2533 deinde
862 2450 1007 2531 fine
1056 2453 1202 2531 ulla
1268 2451 1579 2531 evidenti
1642 2448 2015 2532 occafione
2055 2450 2281 2552 quiri]-

137 2562 257 2629 oet.
383 2561 552 2629 Coac.
589 2574 747 2648 395.
803 2562 1060 2629 Praenot.
1096 2577 1258 2648 113.

244 2693 500 2758 NOTAE
534 2695 1180 2763 SUPPURATIONJS
1218 2699 1343 2775 iam
1382 2694 1692 2760 FACTAE.

139 2836 241 2892 rca
274 2811 859 2914 suppurationum
916 2816 1115 2896 initia
1159 2812 1312 2892 fieri
1361 2812 1540 2893 solet
1578 2813 1793 2890 febris
1819 2869 1843 2900 ,
1893 2825 2017 2891 aut
2053 2814 2275 2912 rigor,

140 2915 213 2990 δε
245 2936 378 3013 pro
411 2914 667 2994 dolore
718 2916 1009 3020 pondus
1031 2967 1054 2996 2
1104 2916 1182 2992 in
1225 2936 1319 2993 eo
1356 2912 1530 2994 loco
1557 2972 1581 3005 ,
1631 2916 1759 3015 qui
1797 2911 2055 2991 dolore
2105 2910 2283 2990 affli-

141 3014 448 3110 gebatur.
549 3023 800 3093 Proenot.
839 3041 999 3111 103.

141 3136 235 3201 με
278 3114 378 3190 ob
424 3116 622 3215 puris
666 3112 864 3195 intro
907 3113 1411 3194 collectionem
1457 3111 1687 3190 febres
1744 3107 2226 3189 intermittunt
2247 3168 2276 3203 .

142 3215 217 3289 in
260 3211 368 3291 bis
410 3238 665 3314 magna
714 3240 807 3294 ex
859 3231 1058 3317 parte
1104 3218 1279 3315 aegti
1332 3214 1667 3293 tenuibus
1708 3208 2084 3290 sudoribus
2144 3208 2284 3291 dif-

143 3310 382 3391 fluunt.
488 3323 669 3391 Coac.
704 3341 793 3413 4¹
804 3342 873 3409 9.

143 3414 536 3512 :pulmonis
569 3415 1074 3516 suppuratione
1097 3465 1119 3498 ‚
1170 3410 1532 3492 interdum
1573 3416 1759 3492 circa
1801 3422 2122 3490 ventrem
2150 3411 2290 3491 do-

145 3510 361 3603 tores,
414 3538 497 3595 ac
539 3516 951 3596 claviculam
988 3573 1012 3606 ,
1078 3515 1152 3593 ἃ.
1201 3537 1373 3593 cum
1425 3513 1900 3592 incontinenti
1947 3517 2283 3614 corporis

150 3610 496 3705 jactatione
532 3616 1060 3716 aliquantulum.
1094 3615 1376 3695 stertere
1395 3671 1423 3708 ‚
1469 3614 1655 3719 sputi
1689 3614 1974 3717 copiam
2011 3614 2090 3691 in
2124 3612 2291 3715 pul-

151 3732 358 3794 mone
390 3714 723 3799 indioent.
827 3726 1010 3794 Coae.
1047 3741 1077 3793 1
1092 3731 1160 3808 8.

2176 3884 2288 3953 AD
2399 3882 2414 3889 ”
