2644 4428
947 167 1154 331 *a*
1722 173 1934 336 ³2⁸*ss-

372 426 383 430 -
394 422 420 428 *‘
430 422 480 428 ⁴-
490 419 673 442 -Ξ--έῖ-
682 420 699 440 ···

404 564 412 568 ι
557 445 703 562 '⁵3¹1
731 462 964 544 Rioris
991 463 1680 544 libri'Praedifiorum
1704 520 1725 552 ‚
1752 479 1837 541 ut
1869 474 2265 544 enarrator,
2302 464 2405 543 in
2443 462 2639 545 lau-

378 524 705 697 ²⁶⁴9&
780 565 991 645 dator
1052 567 1149 643 est
1187 569 1503 664 optimus
1548 562 1925 642 Guneus,
2029 563 2350 665 Satisque
2407 588 2639 643 con-

378 655 691 767 aed-:93—
781 665 926 754 stat,
955 689 1047 743 ex
1080 690 1171 744 eo
1199 667 1505 764 integras
1521 663 1927 754 sententiae,
1978 675 2316 764 tanquam
2345 665 2636 766 sump-

447 767 458 775 ’
779 767 1012 844 tiones
1037 822 1058 854 ‚
1110 781 1234 842 aut
1257 768 1589 842 lemmata
1609 763 1929 863 quaedam
1952 820 1973 851 ,
2026 763 2112 839 ab
2138 766 2464 864 antiquis
2500 791 2639 842 ar-

315 868 408 946 tis
449 870 699 948 nostra:
721 866 1099 966 magistris,
1152 863 1468 942 Gamo
1501 862 1891 963 praesertim,
1931 864 2005 939 &
2032 864 2363 967 Anemo
2389 865 2634 942 usur..

321 973 493 1070 pari.
598 968 682 1047 Et
720 970 838 1048 hic
883 982 1180 1066 quoque
1234 970 1616 1042 verborum
1653 963 1974 1063 pondere
1999 1018 2021 1050 ,
2074 962 2627 1044 sententiarum

321 1070 700 1168 gravitate,
753 1067 905 1166 styli
931 1058 1454 1163 magnitudine,
1497 1065 1571 1139 &
1597 1064 1953 1140 brevitatis
1981 1061 2625 1163 circumscriptio-

317 1193 435 1257 ne,
456 1184 599 1244 tam
623 1168 826 1245 facile
852 1163 1366 1243 Hmocums
1394 1163 1814 1260 majestatem
1840 1163 2143 1250 testatur,
2171 1176 2252 1239 ut
2278 1167 2623 1243 minime·

315 1267 625 1344 abdicari
660 1267 932 1346 debeat.
1033 1262 1236 1357 Quin
1265 1267 1473 1340 etiam
1503 1262 1836 1341 dostrinae
1870 1286 2133 1360 genere
2153 1318 2176 1350 ,
2222 1263 2622 1343 &dictio-

317 1370 432 1443 nis
452 1369 768 1444 novitate
790 1423 813 1457 ,
859 1387 942 1443 ac
967 1365 1391 1440 tractationis
1413 1361 1582 1439 serie
1606 1418 1628 1449 ,
1674 1386 1841 1440 cum
1878 1361 2149 1442 CoAcm
2176 1360 2616 1443 Paffisffins

315 1479 466 1543 tam
506 1467 740 1565 aperte
767 1464 1168 1564 conspirat,
1207 1478 1288 1540 ut
1331 1485 1423 1541 ex
1448 1460 1691 1539 iisdem
1729 1461 2078 1540 ducantur
2103 1462 2471 1544 fontibus,
2523 1468 2614 1543 ἃ

319 1565 685 1667 utriusque
729 1566 923 1644 idem
952 1563 1191 1642 auctor
1219 1560 1353 1640 effe
1382 1561 1714 1639 videatur.
1817 1561 2076 1662 Neque
2108 1559 2277 1640 vero
2304 1563 2490 1642 ideo
2528 1591 2613 1644 e-

318 1668 430 1767 jus
455 1666 872 1745 doctrina-in
900 1677 1136 1740 totum
1155 1661 1540 1762 respuenda
1568 1661 1665 1737 est
1684 1718 1706 1750 ,
1761 1661 1961 1763 quod
1989 1663 2063 1736 in
2092 1686 2183 1739 eo
2205 1665 2388 1740 naevi
2419 1665 2611 1763 plu-

320 1769 529 1845 rimi,
577 1767 648 1843 ἀ
681 1782 758 1844 ut
797 1769 872 1843 in
900 1763 1368 1840 tumultuario
1410 1785 1628 1860 opere
1654 1818 1676 1849 ‚
1713 1785 1797 1840 ac
1829 1760 1918 1838 ad
1955 1765 2321 1838 memoriae
2365 1762 2608 1843 subfi-

320 1867 521 1942 dium
553 1865 893 1963 projecto,
926 1865 1295 1960 voragines
1326 1861 1644 1963 quaedam
1663 1919 1685 1951 ,
1705 1884 1789 1939 ac
1820 1860 2157 1938 vastitates
2175 1863 2604 1961 deprehen..

318 1966 595 2041 dantur.
701 1965 925 2060 Cujus
961 1965 1249 2061 quidem
1286 1963 1695 2063 calamitatis
1731 1960 2241 2049 infortunium,
2287 1985 2383 2038 ex
2425 1965 2601 2042 GA-

324 2084 498 2139 um
530 2066 993 2140 monimentis
1039 2059 1403 2136 solandum
1434 2065 1669 2148 venit,
1733 2063 1933 2157 cujus
1969 2059 2301 2138 industria
2336 2062 2597 2143 hiatus

323 2162 517 2240 velut
538 2160 1138 2262 aggestionefasta
1167 2161 1484 2260 oppleti,
1537 2178 1823 2261 aequatae
1848 2161 2160 2250 salebrae,
2197 2162 2270 2238 δι
2299 2163 2596 2245 misera-

317 2265 824 2353 bilisvastitatis
860 2264 1117 2363 species
1155 2260 1435 2360 depulsa
1464 2261 1599 2348 est,
1635 2285 1764 2338 ceu
1786 2264 1908 2360 qui
1936 2260 2131 2340 hunc
2156 2262 2416 2339 librum
2435 2264 2596 2343 suis
2633 2331 2635 2333 ,

317 2367 843 2441 commentariis
899 2367 972 2439 ἃ
1007 2361 1367 2438 laboribus
1418 2363 1511 2436 ita
1563 2363 2045 2462 complanavit
2076 2416 2100 2450 ,
2171 2377 2250 2439 ut
2294 2366 2440 2459 ja'tu
2507 2369 2596 2443 in

319 2469 651 2541 omnium
680 2487 802 2540 ora
838 2469 1088 2540 veniat.
1168 2463 1407 2538 Amor.
1435 2458 1732 2537 For-:sius
1754 2472 1819 2535 in
1848 2464 2097 2558 Praefat.
2126 2463 2216 2535 ad
2239 2466 2587 2545 Praed13a.

315 2717 321 2726 .
417 2641 957 2723 Praediffionum
996 2642 1196 2718 inseri
1255 2645 1308 2717 ti
1339 2642 1534 2721 libri,
1590 2644 1749 2717 artis
1787 2642 2259 2739 prognosticae
2306 2641 2590 2721 (1οᾶτί-

236 2766 240 2773 ·
316 2766 483 2817 nam
506 2747 878 2820 continent
897 2744 1180 2841 perfecti
1235 2766 1448 2818 imam
1471 2799 1492 2828 ,
1522 2739 2082 2841 Asclepiadaeque
2103 2740 2353 2818 scholae
2383 2744 2585 2824 adeo

315 2844 862 2929 convenientem
893 2898 912 2929 ,
966 2858 1047 2917 ut
1080 2866 1235 2918 eam
1270 2841 1527 2942 absque
1563 2841 1828 2917 summa
1869 2843 2116 2937 injuria
2150 2842 2585 2922 'calumniari

268 2966 467 3042 ·non
522 2941 742 3018 liceat·
847 2941 928 3018 In
983 2944 1204 3038 priori
1253 2940 1647 3041 prognoses
1693 2937 2228 3027 describuntur,
2282 2964 2445 3040 quae
2482 2946 2584 3023 ad

306 3041 606 3123 morbos
645 3057 892 3121 acutos
921 3043 1316 3137 pertinent,
1376 3041 1890 3118 consentientes
1936 3039 2389 3139 summopere
2407 3044 2579 3135 illis,

309 3166 468 3241 quae
503 3145 575 3217 in
611 3140 803 3217 libris
834 3143 902 3215 &
938 3138 1604 3239 prognosticorum,
1643 3140 1714 3215 δε
1740 3138 2135 3217 Coacarum
2172 3137 2581 3222 Praenotio-

300 3265 488 3316 num
515 3291 535 3319 ‚
591 3241 746 3319 sunt
773 3241 1055 3327 tradita,
1088 3264 1244 3341 quae
1270 3263 1377 3314 res
1397 3265 1532 3316 nos
1560 3239 1935 3326 admonet,
1959 3239 2284 3338 praefatos
2308 3264 2577 3322 omnes

303 3339 563 3417 libros,
601 3341 688 3417 ad
718 3340 1024 3417 eundem
1061 3340 1420 3415 auctorem
1457 3339 1658 3416 nullo
1686 3338 1914 3416 modo
1952 3336 2083 3415 effe
2123 3341 2565 3424 referendos,

304 3462 470 3513 cum
496 3440 740 3515 eadem
762 3441 1024 3537 pluries
1057 3458 1372 3535 repetere
1390 3495 1412 3526 ,
1460 3441 1765 3537 antiquis
1794 3462 1943 3515 non
1967 3442 2179 3517 fuerit
2206 3440 2559 3523 usitatum.

302 3536 571 3615 Paose.
619 3537 1080 3617 Mna-umus
1125 3540 1215 3612 ad
1255 3541 1390 3616 Lib.
1434 3541 1917 3616 Praediezionmn.

957 3728 1173 3882 *ta-³³
1691 3728 1905 3885 ¹22¹*ss
