2644 4428
19 0 1377 108 W?-
1392 1 1609 87 ethead.
1654 14 1882 111 ΖΜ.
1932 2 2141 89 em:

119 228 138 245 ⁴
298 142 432 225 suo
475 145 897 230 sacrosancte
927 151 1475 231 observaturum.
1577 160 1669 229 N.
1704 168 1773 233 6.
1827 151 2018 232 Nam
2052 175 2225 233 cum
2274 150 2403 230 tria
2428 174 2563 231 re-

302 252 674 347 quirantur
711 252 787 328 in
829 252 1118 351 agendo
1141 311 1163 341 ,
1216 251 1414 354 poffe
1433 311 1455 342 ,
1509 250 1679 331 scire
1704 308 1726 343 ,
1779 254 2000 330 velie:
2050 253 2380 331 voluntas
2426 276 2557 330 re-

302 347 674 450 liquorum
714 350 1029 430 duorum
1086 353 1300 431 veluti
1342 349 1745 454 pedissequa
1781 352 1883 429 est
1906 409 1928 441 ,
1956 352 2150 431 'cum
2189 375 2413 429 nemo
2443 352 2567 431 sa-

303 472 418 526 nae
471 454 729 529 mentis
776 452 852 528 id
902 452 1071 530 'velit
1097 508 1120 540 ‚
1199 454 1401 553 quod
1459 475 1698 554 neque
1740 451 1947 552 poffit
1968 508 1990 542 ,
2038 475 2278 552 neque
2323 451 2498 529 sciat
2528 474 2555 529 ε

302 549 513 628 multi
550 548 591 627 ὲ
633 566 886 630 contra
925 549 1187 652 poffint
1219 602 1241 633 ,
1314 553 1391 629 &
1434 551 1690 640 sciant,
1740 552 2217 651 quod.tamen
2250 556 2554 661 nolpnt.

303 644 415 728 Eo
465 649 620 750 ipso
665 673 847 750 ergo
900 652 1103 751 quod
1152 655 1338 750 jurat
1362 709 1383 739 ,
1448 653 1893 730 voluntatem
1941 650 2155 733 suam
2190 650 2503 752 explieat
2522 707 2555 738 ,

304 771 462 826 non
499 748 819 829 absolute
860 762 1096 828 tamen
1121 809 1144 840 ,
1199 751 1320 829 sed
1351 750 1805 831 humanitatis
1831 751 1965 832 suae
1997 774 2317 841 memor,
2364 740 2565 840 καῖὶαὶ

303 841 572 950 δύναμιν
589 905 611 937 ,
665 853 785 925 καὶ
833 854 1035 950 κρίσιν
1070 851 1284 930 addit.

405 946 846 1028 Eusnurlo
892 951 1201 1029 inculcat
1241 974 1322 1029 ea
1349 1006 1375 1040 ,
1429 953 1684 1052 quaein
1727 950 2013 1029 medico
2057 951 2556 1051 requiruntur,

303 1053 430 1150 qui
476 1049 588 1127 vel
637 1062 802 1126 ortu
828 1105 850 1138 ,
902 1050 1016 1128 vel
1057 1052 1376 1129 instituto
1418 1049 1658 1128 saltem
1712 1050 2200 1151 Asclepiadem
2233 1048 2335 1126 fit.
2422 1047 2563 1127 Er-

359 1170 408 1225 o
449 1147 689 1249 quoad
721 1150 923 1238 artis,
977 1173 1192 1247 quam
1247 1149 1668 1251 profitetur,
1717 1145 1926 1240 κἿῐῐσ-ιν
1952 1208 1973 1239 ,
2025 1150 2192 1227 cum
2238 1172 2394 1227 eam
2429 1173 2565 1226 ve-

257 1242 269 1254 “
334 1248 435 1324 uti
479 1268 608 1347 per
655 1270 906 1326 manus
950 1252 1037 1326 ab
1092 1250 1240 1328 aliis
1276 1253 1628 1352 acceperit
1670 1307 1693 1340 ,
1763 1273 1907 1351 pro,
1941 1250 2191 1328 divino
2244 1272 2562 1328 munere

299 1350 557 1444 gratias
597 1348 669 1424 δι
711 1346 974 1427 habere
997 1406 1020 1438 ,
1074 1352 1148 1427 δι
1193 1374 1450 1448 agere,
1508 1351 1584 1427 δι
1624 1350 1885 1428 referre
1920 1350 2135 1429 debet
2173 1353 2561 1428 immorta-

296 1445 426 1524 les.
527 1444 1050 1526 Gratimdinem
1099 1451 1320 1551 igitur
1367 1472 1540 1551 erga
1583 1464 2053 1551 praeceptores
2096 1453 2280 1546 jurat
2305 1506 2326 1537 ,
2381 1463 2561 1527 tum

296 1546 378 1622 in
427 1570 690 1646 genere
713 1604 739 1636 ‚
812 1564 1189 1648 parentum
1242 1550 1412 1639 loco
1454 1564 1971 1650 praeceptorem
2020 1546 2144 1626 fibi
2192 1549 2551 1627 futurum.

297 1646 405 1724 N.
448 1672 517 1743 7.
591 1661 760 1729 ,tum
803 1649 881 1725 in
913 1649 1141 1750 specie
1166 1706 1189 1739 ,
1266 1672 1585 1750 namquo
1634 1650 1709 1726 δε
1752 1646 2029 1748 ipfimet
2070 1649 2495 1748 praeceptori
2525 1705 2556 1738 ,

296 1757 637 1847 tanquam
663 1750 883 1847 patri,
921 1748 1037 1848 pia
1066 1738 1638 1847 ἀπιπελαργῶσυ
1657 1805 1681 1838 ,
1717 1750 1791 1826 δι
1817 1750 2147 1827 alimenta
2165 1747 2535 1837 daturum,

298 1852 396 1921 N.
439 1860 507 1932 8.
559 1847 633 1922 &
677 1845 1048 1927 neceffaria
1096 1851 1359 1950 quaevis
1400 1849 1530 1929 alia
1578 1848 2281 1927 subministraturum.
2338 1856 2429 1924 N.
2468 1873 2548 1939 9.

296 1941 481 2024 Item
520 1968 751 2045 genus
794 1950 944 2043 ejus
970 2005 992 2036 ,
1041 1964 1248 2026 natos
1293 1948 1619 2028 videlicet
1665 1973 1759 2027 ex
1805 1973 1898 2027 eo
1943 1948 2205 2026 liberos
2232 2004 2253 2037 ,
2307 1948 2384 2025 δι
2416 1969 2559 2025 ne-

294 2057 505 2141 potes
541 2099 563 2132 ,
615 2042 748 2121 sese
773 2046 1018 2147 quoad
1067 2049 1338 2149 reliqua
1383 2048 1675 2129 fratrum
1725 2049 1895 2128 loeo
1942 2047 2345 2127 habiturum
2371 2103 2395 2134 ‚
2444 2048 2553 2125 ab

295 2141 560 2221 eodem
607 2154 805 2246 patre
857 2163 1379 2248 prognatorum
1404 2205 1429 2239 ,
1504 2144 1785 2228 familiae
1835 2147 2301 2251 Asclepiadeae
2342 2146 2554 2224 futu-

289 2265 542 2321 rorum
592 2244 1062 2325 columinum.
1167 2258 1261 2326 N.
1312 2275 1422 2328 10.
1476 2237 1722 2349 zethar
1753 2239 1894 2346 γαὲρ
1927 2236 2110 2324 ἴικων
2155 2244 2385 2331 παῖδας
2419 2235 2559 2345 εἷρ-

289 2370 510 2448 εςνες,
582 2357 666 2422 ut
719 2346 820 2423 est
883 2346 1073 2448 apud
1130 2346 1577 2428 Etiamnum.
1711 2348 1901 2428 Dein
1959 2350 2124 2426 attis
2190 2363 2551 2449 praeoepta

289 2444 508 2542 gratis
551 2445 819 2546 absque
864 2448 1192 2525 mercede
1230 2505 1252 2536 ,
1304 2453 1384 2525 in
1448 2446 1740 2548 praesens
1795 2463 2158 2526 numerata
2200 2505 2221 2537 ‚
2288 2451 2401 2527 vel
2460 2448 2551 2523 in

285 2542 654 2642 posterum
697 2544 888 2643 pana
926 2603 947 2634 ,
1000 2549 1725 2627 communicaturum.
1828 2554 1921 2624 N.
1968 2573 2079 2632 11.
2133 2545 2366 2628 Gratis
2421 2569 2553 2624 ac-

286 2654 493 2740 cepta
551 2646 767 2742 gratis
829 2644 1203 2723 reddenda.
1352 2646 1469 2725 Sic
1528 2663 1797 2725 veteres
1857 2647 1960 2724 illi
2004 2702 2026 2737 ,
2107 2649 2181 2724 &
2242 2646 2551 2747 quidem

284 2741 552 2818 ethnici
592 2767 610 2820 :
711 2760 985 2845 quanto
1054 2748 1263 2824 nobis
1292 2804 1315 2835 ,
1394 2750 1522 2848 qui
1573 2746 1949 2826 Christiani
2004 2746 2462 2848 perhibemur
2508 2802 2539 2835 ,

288 2838 662 2922 sanctiores
688 2896 714 2930 ,
769 2845 840 2919 δι
892 2846 1482 2923 innocentiores?
2110 2879 2119 2884 ·

379 2940 659 3037 Quoad
708 2946 871 3020 artis
923 2945 1153 3044 χρῆσιν
1188 3001 1210 3033 ,
1263 2946 1571 3023 versatur
1618 2968 1697 3023 ea
1749 2948 1823 3023 in
1878 2944 2549 3030 communicatione

279 3042 443 3118 artis
492 3056 1011 3143 praeceptorum
1033 3102 1053 3133 ,
1107 3068 1231 3143 per
1276 3042 1739 3121 Διδασκαλίων
1762 3102 1783 3134 ,
1867 3047 1941 3122 &
1992 3046 2532 3145 exemplorum,

333 3163 413 3216 er
431 3140 849 3240 ἐγχείρησιν,
892 3147 1087 3238 cujus
1120 3144 1413 3243 quidem
1451 3145 1710 3222 utilitas
1750 3148 1989 3225 minus
2011 3143 2146 3226 late
2182 3157 2411 3241 patet,
2438 3158 2550 3222 eta

370 3238 634 3344 frut‘tus
677 3244 773 3319 est
807 3246 1184 3321 maximuS.
1241 3295 1250 3304 -
1288 3242 1677 3323 Didascalia
1711 3243 1877 3321 cum
1928 3244 2316 3343 posteritati
2349 3265 2549 3342 quo-

288 3361 433 3439 que
459 3339 781 3420 inserviat
799 3399 819 3430 ,
851 3343 927 3420 δι
953 3356 1173 3420 artem
1201 3342 1494 3421 mirifice
1536 3360 1892 3445 propaget
1910 3401 1931 3433 ,
1981 3347 2072 3421 eo
2099 3343 2546 3443 dignationis

281 3442 2535 3641 9εὲἕῷῑὲἀῶἒὲεὲἓῖ.ἷ·’οἳἶὲἐνὶῖἱ”ἶιῗὲᾶσέξξ.ἯὲἓὲῗέἯὲ·

269 3633 432 3726 bet,
491 3639 682 3720 bona
723 3639 861 3724 fide
890 3637 1026 3719 sese
1063 3600 1410 3743 praecepta
1458 3567 1881 3721 universali}
1912 3642 2335 3721 traditurum
2372 3640 2547 3742 pol-

264 3734 518 3822 licetur
542 3789 562 3819 .
602 3739 638 3826 (
674 3764 834 3843 quae
873 3743 1101 3840 prima
1147 3766 1305 3845 pars
1345 3742 1443 3821 est
1485 3731 1807 3848 μοθῆσιος
1848 3730 2157 3839 Λογικὰ)
2205 3756 2358 3819 tum
2408 3763 2545 3841 per

2237 3871 2299 3918 ⁹¹
2303 3859 2549 3941 “1²⁶7-
