2644 4428
1046 0 1106 87 1·
1141 0 1218 90 R
1232 0 1327 71 Α
1359 0 1415 82 ι’
1440 0 1509 74 A
1547 0 1612 70 ι·
1633 0 1676 73 t
1707 0 1784 81 ο.

283 139 367 245 ,ᾖ
400 156 606 225 nens
650 130 916 239 basin,
975 131 1147 220 vid·
1202 137 1415 228 νέα-ων
1446 135 1686 247 φύσιος
1708 139 1940 245 ἰητροὶ,
1988 156 2255 226 neem
2292 136 2609 239 mbr'

285 319 347 379 2,
406 306 561 360 rum
605 280 1049 358 medicatrices
1069 328 1095 371 ‚
1166 264 1254 351 id
1308 265 1543 381 egit,
1627 283 1732 353 ut
1788 263 2070 352 morbi
2127 263 2612 380 cujuslibet

287 452 348 505 ,‚
408 402 964 520 phaenomena
1014 387 1299 508 aperte
1355 397 1717 489 traderet
1744 452 1771 499 ‚
1830 388 2054 482 nulli
2101 393 2606 510 hypothesi

299 586 360 643 ,‚
416 520 757 629 adscita,
818 523 1345 641 &inpastes
1396 524 1768 641 pervim
1816 519 2138 628 ειάιᾶἓ,
2197 541 2301 609 ut
2348 524 2451 613 in
2499 552 2606 609 e-

290 710 349 761 „
407 651 534 766 jus
592 650 811 737 libris
865 651 966 736 de
1024 651 1418 757 MorbiS‚
1500 653 1615 741 de
1667 647 2263 740 Affeffionibus
2298 706 2326 755 ‚
2407 652 2593 738 ὅτε.

292 833 352 885 ,,
407 778 691 865 videre
747 774 893 863 est.
1008 781 1359 892 Regulas
1425 774 1675 865 edam
1731 777 2130 889 quasdam
2180 773 2532 861 tradidit
2556 834 2593 880 ,

288 959 351 1014 9,
408 932 512 990 ex
560 902 1137 989 observatione
1168 897 1551 988 methodi
1581 896 1810 997 istius
1833 958 1860 1004 ,
1920 893 2088 1010 qua
2124 897 2400 985 utitur
2433 923 2594 984 na-

292 1086 351 1142 „
408 1050 599 1117 tura
619 1087 648 1137 ,
726 1049 900 1133 tam
952 1029 1042 1116 in
1103 1031 1417 1116 morbo
1467 1028 2031 1142 provehendo
2066 1084 2094 1130 ‚
2174 1019 2436 1138 quam
2487 1024 2595 1112 in

290 1214 351 1267 ,‚
409 1161 711 1244 eodem
795 1156 1271 1244 amoliendo
1316 1214 1344 1261 ,
1447 1170 1680 1243 natas
1724 1183 1749 1242 ε
1845 1150 2319 1266 cujusmodi
2379 1153 2597 1241 sunt

287 1340 346 1394 2,
407 1290 707 1372 Coacae
736 1285 1302 1400 praenotiones
1327 1340 1356 1390 ‚
1415 1280 1908 1397 Aphorismi
1929 1339 1956 1386 ‚
2020 1283 2103 1371 δι
2146 1280 2470 1394 reliqua
2489 1281 2591 1370 id

291 1468 350 1523 2.
405 1442 697 1529 genus.
775 1418 1059 1526 Atque
1106 1413 1196 1503 in
1239 1411 1371 1503 his
1405 1405 1579 1500 fere
1610 1408 1836 1498 stetit
1865 1436 2162 1523 magna
2196 1409 2329 1496 illa
2364 1409 2588 1499 divi..

228 1620 229 1623 ¹
289 1600 348 1663 ‚2
405 1542 495 1627 ni
511 1542 738 1629 Senis
763 1540 1091 1630 theoria
1105 1599 1135 1648 ,
1171 1568 1355 1629 non
1387 1541 1487 1627 ab
1519 1538 1761 1629 irrito
1796 1537 2275 1628 lascivientis
2307 1542 2586 1653 phau.

287 1731 346 1790 ‚,
404 1674 615 1773 tafiae
647 1670 1085 1761 conamine
1122 1671 1491 1761 desumta
1506 1728 1534 1776 ‚
1593 1696 1751 1758 ceu
1776 1696 1988 1758 vana
2009 1696 2435 1781 aegrorum
2452 1669 2586 1759 in..

282 1850 347 1913 2,
401 1798 762 1903 somnia,
786 1796 1390 1911 sedlegitimam
1409 1795 1801 1891 exhibens
1822 1793 2252 1887 historiam
2283 1824 2582 1889 earum

295 1983 353 2037 ,‚
410 1946 726 2014 naturae
765 1925 1363 2043 operationum
1380 1983 1407 2031 ‚
1477 1951 1682 2040 quas
1712 1924 1802 2009 in
1856 1923 2310 2013 hominum
2344 1956 2580 2015 mor..

300 2102 360 2158 2,
417 2050 541 2137 bis
578 2051 769 2139 edit.
891 2057 1119 2143 Cum
1151 2045 1365 2146 verb.
1404 2049 1617 2139 dieta
1655 2050 1982 2140 theoria
2018 2049 2223 2138 nihil
2274 2050 2584 2161 efl‘etla.

292 2228 353 2284 „
410 2176 582 2266 liud
600 2231 627 2282 ,
655 2170 908 2287 quam
931 2174 1325 2291 exquisita
1357 2193 1670 2264 naturae
1703 2173 2142 2290 descriptio
2160 2234 2186 2280 ,
2223 2202 2377 2290 par
2399 2199 2581 2268 erat

297 2361 357 2416 „
417 2301 819 2411 omnino,
876 2323 980 2394 ut
1014 2305 1100 2393 in
1132 2304 1376 2422 praxi
1408 2302 1516 2398 eo
1553 2319 1883 2390 tantum
1916 2304 2411 2412 commater,
2471 2327 2580 2398 ut

291 2486 355 2539 9,
413 2430 680 2531 eidem
736 2429 1140 2517 laboranti
1161 2488 1189 2536 ‚
1249 2428 1556 2542 quibus
1606 2424 1877 2573 posset
1924 2428 2197 2516 modis
2221 2481 2249 2535 ,
2283 2431 2578 2522 subve

298 2613 359 2669 ,‚
413 2557 594 2645 nire
637 2562 1202 2645 contenderet.
1322 2560 1563 2644 Unde
1604 2557 1851 2643 etiam
1897 2586 2080 2646 non
2123 2557 2362 2654 aliam
2420 2560 2578 2654 arti

289 2741 356 2794 ‚‚
414 2687 852 2774 demandat
903 2686 1430 2800 provinciam
1452 2745 1479 2790 ,
1540 2679 1797 2800 quam
1849 2704 1952 2772 ut
1988 2687 2391 2775 deficienti
2431 2717 2576 2776 na-

295 2866 355 2920 „
413 2828 624 2899 turae
662 2813 1080 2900 succurrat
1126 2869 1155 2919 ‚
1216 2809 1611 2898 effienem
1650 2829 2029 2899 coerceat
2074 2869 2101 2916 ‚
2163 2813 2324 2901 ὅτ
2297 2840 2385 2900 m
2437 2843 2577 2903 or-

296 2992 359 3047 „
414 2935 694 3023 dinem
723 2937 1085 3050 redigat3
1140 2956 1604 3051 utrumque
1635 2931 1848 3025 vero
1907 2942 2082 3025 hoc
2099 2998 2126 3044 ,
2184 2958 2371 3029 tum
2405 2945 2575 3051 pass

301 3119 361 3173 „
417 3066 515 3155 fu
562 3063 754 3171 illo,
812 3083 999 3153 tum
1054 3063 1313 3152 etiam
1369 3065 1785 3152 methodo
1826 3122 1853 3171 ‚
1934 3065 2238 3177 quibus
2287 3086 2574 3162 natura

301 3245 365 3299 ‚,
418 3197 821 3290 morbum
908 3195 1320 3306 expellere
1409 3190 1692 3305 satagit
1723 3252 1754 3300 ‚
1839 3210 2092 3305 atque
2152 3220 2567 3285 amovere.

146 3429 152 3438 ‚
301 3372 362 3426 ‚‚
420 3317 1136 3408 Animadverterat
1173 3343 1481 3431 nempe
1522 3311 2060 3431 [agaciffimus
2096 3316 2302 3429 Vir,
2342 3325 2570 3433 quod

307 3447 589 3558 „sola
642 3466 933 3534 natura
974 3450 1103 3549 ταὶς
1144 3450 1340 3548 νέα-κς
1387 3464 1618 3563 κρίνει,
1690 3462 1813 3539 καὶ
1862 3450 2157 3562 ἐξωμίσι
2212 3492 2309 3541 τα.
2349 3447 2574 3546 πάντα

186 3611 191 3616 ·
304 3617 369 3688 v.
418 3589 623 3667 τοῖσι.
716 3581 998 3689 Atque
1037 3581 1220 3678 haet
1268 3573 1554 3672 omnia
1603 3580 1926 3696 peragit
1979 3600 2273 3678 natura
2294 3641 2324 3693 ‚
2377 3608 2612 3696 pau

2378 3712 2570 3816 ciffi-
