2644 4428
522 5 805 91 EvAc.
1159 1 1385 88 EUN.
1733 0 1893 86 EX.
2253 18 2354 100 89

102 187 162 273 E
182 188 253 270 V
277 186 338 269 A
361 186 429 270 C
448 187 525 270 U
543 185 611 270 A
633 185 758 266 TI
780 183 883 268 Ο.
928 225 937 234 ·

220 311 669 384 mmmmm
709 308 961 377 varum

106 425 354 506 Morbi
407 423 449 502 ὲ
496 422 892 520 repletione
923 416 1100 502 fasti.
1203 423 1364 520 aph.
1393 430 1480 500 11.
1510 439 1627 506 22.

106 525 431 628 Tempus
474 521 776 602 vernale.
823 520 981 617 Apb.
1013 529 1127 600 VI.
1156 541 1278 621 47.
1337 531 1479 602 VII.
1514 543 1625 619 53.

109 625 345 706 Sudor
397 623 664 701 multus
711 623 755 698 ἐι
790 621 1044 699 somno
1086 623 1261 701 citra
1305 625 1579 702 causam
1626 621 2062 700 manifestam
2095 618 2316 703 factus
2336 678 2360 715 ,

164 747 171 756 ·
206 730 284 804 in
335 724 637 802 homine
683 723 930 800 cibum
983 744 1141 799 non
1188 729 1532 825 capiente.
1632 725 1792 820 Aph.
1827 733 1934 801 IV.
1960 746 2081 820 41.

108 823 185 905 Si
228 825 271 903 ὲ
307 826 576 903 morbo
613 825 858 899 cibum
891 823 1055 925 quis
1090 827 1375 922 capiens
1411 847 1566 902 non
1605 827 1986 903 roboretur
2013 880 2036 912 ,
2087 822 2357 903 indicat

212 948 481 1042 corpus
537 923 885 1000 uberiore
924 922 1271 1002 alimento
1321 925 1448 1001 uti.
1556 922 1633 1002 Si
1673 921 1848 1002 vero
1898 925 2143 1001 cibum
2200 946 2358 1002 non

208 1025 519 1125 oeprenti
550 1022 701 1101 hoc
732 1024 1009 1100 eveniat
1031 1078 1055 1109 ,
1107 1025 1580 1103 evacuatione
1630 1046 1817 1125 opus
1860 1025 2121 1103 habere
2138 1079 2162 1116 ,
2198 1020 2364 1103 nos·

209 1127 281 1203 se
313 1137 631 1225 oportet.
730 1123 1004 1218 Aph.11.
1027 1136 1094 1211 8.
1141 1181 1144 1185 Α
2065 1137 2072 1146 ·

272 1264 615 1332 REGULAE'
634 1259 1090 1328 GENERALES.

116 1368 308 1466 Qrae
341 1369 603 1447 ducere
635 1379 925 1468 oportet
946 1422 970 1454 ,
1020 1361 1174 1483 quo
1232 1360 1547 1445 maxime
1569 1381 1874 1468 vergant
1893 1420 1915 1451 2
1967 1365 2062 1449 eo
2100 1368 2366 1452 ducen-

213 1469 306 1546 da
327 1526 348 1559 ,
400 1492 531 1569 per
567 1470 729 1547 loca
764 1467 1279 1545 convementia.
1380 1468 1607 1561 Aphor.
1655 1476 1704 1546 1.
1738 1492 1785 1548 2
1801 1494 1853 1547 ι.

112 1564 623 1650 Evacuationes
654 1566 753 1646 ad
780 1583 1183 1646 extremum
1226 1566 1564 1646 ducentes
1582 1623 1607 1657 ,
1657 1569 2084 1671 periculosae„
2187 1572 2354 1670 Apb.

114 1767 443 1849 Multum
477 1768 553 1846 ἃ
589 1763 973 1867 derepente
997 1786 1372 1854 evacuare,
1490 1762 1892 1844 riculosum.
1949 1769 2107 1864 Aph.
2132 1780 2221 1848 ΙΙ.
2250 1795 2286 1865 5
2303 1797 2363 1850 1.

118 1867 482 1949 vasorum
515 1871 884 1948 evacuatio
901 1923 922 1955 ,
974 1863 1029 1943 fi
1060 1865 1347 1965 qualem
1432 1868 1536 1944 eri
1569 1864 1775 1944 decet
1797 1924 1820 1956 ,
1872 1866 1994 1944 fiat
2013 1877 2037 1958 ',
2056 1872 2368 1958 confert.

228 1969 304 2047 δι
336 1968 548 2047 facile
576 1967 855 2047 ferunt:
907 1965 1012 2042 fin
1054 1965 1332 2053 minus,
1384 1976 1655 2043 contra.
1759 1969 1918 2061 Aph.
1959 1978 2011 2044 Ι.
2047 1993 2112 2049 2.

121 2068 250 2152 Si,
307 2069 541 2172 qualia
594 2092 732 2168 pur
824 2069 884 2143 ri
928 2078 1219 2164 oportet
1239 2114 1264 2154 ‚
1312 2080 1712 2166 purgentur
1728 2123 1752 2155 ,
1806 2069 2088 2147 confert
2140 2072 2216 2149 δε
2272 2072 2400 2151 fa-·

226 2169 365 2248 cile
404 2168 686 2247 ferunt:
826 2163 999 2248 vero
1042 2168 1389 2244 contraria
1415 2224 1439 2254 ,
1490 2162 1891 2246 difficulter.
1963 2169 2127 2266 Aph.
2166 2180 2217 2250 Ι.
2255 2194 2373 2268 25.

124 2268 323 2366 Quae
355 2269 718 2371 prodeunt
746 2320 767 2349 ‚
820 2290 972 2344 non
1020 2268 1232 2366 copia
1264 2264 1427 2343 sunt
1457 2266 1855 2346 aestimanda
1880 2318 1904 2356 ,
1951 2268 2068 2347 sed
2113 2269 2165 2346 fi
2207 2288 2379 2370 pro.
2510 2366 2514 2371 .

232 2369 450 2448 deant
476 2428 498 2459 ‚
551 2369 779 2473 qualia
817 2379 1114 2467 oportet
1137 2423 1160 2453 ,
1210 2364 1285 2441 ὅτ.
1315 2366 1523 2444 facile
1561 2367 1753 2445 ferat.
1834 2371 1992 2463 Aph.
2023 2381 2075 2447 Ι.
2110 2394 2231 2471 23.

127 2468 397 2571 Neque
437 2469 961 2571 intempestivas
985 2526 1007 2556 ,
1081 2489 1319 2567 neque
1368 2465 2001 2549 vehementiffimas
2054 2470 2379 2556 vasorum

224 2573 656 2650 inanitiones
706 2568 948 2650 moliri
982 2567 1089 2646 fas
1121 2566 1238 2648 est.
1343 2573 1447 2643 De
1495 2569 1647 2646 Vici).
1683 2587 1852 2647 aeut.
2423 2574 2436 2585 “

127 2764 767 2851 EUNUCHI.

129 2896 323 2979 Non
370 2893 695 2974 laborant
724 2892 1088 2994 podagra,
1139 2906 1377 2992 neque
1423 2889 1606 2971 calvi
1646 2889 1849 2972 fiunt.
1933 2894 2099 2990 Διὶ.
2131 2892 2385 2990 1⁷sz8-

241 3002 350 3073 De
391 3004 560 3075 Nat.
593 3020 769 3090 puer.
808 3001 990 3070 xlx.
1021 3017 1082 3071 1.
1118 3014 1185 3069 2.

321 3132 911 3201 EXACERBATIO
933 3168 951 3185 -
994 3133 1113 3193 vid.
1147 3128 1738 3196 PAROXTSMUS.

321 3236 910 3307 EXCREMENTA
946 3236 1150 3302 ALVI
1163 3277 1184 3304 »
1222 3239 1340 3303 vid.
1381 3237 1586 3303 ALVI
1616 3232 2178 3311 DEJECTTONES.

325 3347 757 3419 EXOLUTIO
782 3391 805 3421 ‚
852 3345 971 3407 w‘d.
1020 3348 1335 3413 VIRwM
1368 3344 1815 3416 Exowno.

142 3519 1160 3615 EXPERIMENTUM.

146 3647 663 3739 Periculosum.
734 3647 915 3746 ΛΝ).
947 3646 1007 3729 Ι.
1050 3671 1113 3726 1.

1314 3842 1539 3991 Εἲςι
2245 3835 2420 3926 EX·
