<?xml version="1.0" encoding="UTF-8"?>
<!DOCTYPE html PUBLIC "-//W3C//DTD XHTML 1.0 Transitional//EN"
    "http://www.w3.org/TR/xhtml1/DTD/xhtml1-transitional.dtd">
<html xmlns="http://www.w3.org/1999/xhtml" xml:lang="en" lang="en">
 <head>
  <title>
</title>
<meta http-equiv="Content-Type" content="text/html;charset=utf-8" />
  <meta name='ocr-system' content='tesseract 3.04.00' />
  <meta name='ocr-capabilities' content='ocr_page ocr_carea ocr_par ocr_line ocrx_word'/>
</head>
<body>
  <div class='ocr_page' id='page_1' title='image "./magnihippocrati00celsgoog_0900.png"; bbox 0 0 2644 4428; ppageno 0'>
   <div class='ocr_carea' id='block_1_1' title="bbox 2590 0 2598 43">
    <p class='ocr_par' dir='ltr' id='par_1_1' title="bbox 2590 0 2598 43">
     <span class='ocr_line' id='line_1_1' title="bbox 2590 0 2598 43; baseline 0 0"><span class='ocrx_word' id='word_1_1' title='bbox 2590 0 2598 43; x_wconf 78' lang='grc'>1</span> 
     </span>
    </p>
   </div>
   <div class='ocr_carea' id='block_1_2' title="bbox 284 60 2031 166">
    <p class='ocr_par' dir='ltr' id='par_1_2' title="bbox 284 60 2031 166">
     <span class='ocr_line' id='line_1_2' title="bbox 284 60 2031 166; baseline -0.005 -15"><span class='ocrx_word' id='word_1_2' title='bbox 284 82 436 166; x_wconf 72' lang='lat'>284</span> <span class='ocrx_word' id='word_1_3' title='bbox 832 60 1080 147; x_wconf 80' lang='lat' dir='ltr'>VOX.</span> <span class='ocrx_word' id='word_1_4' title='bbox 1712 61 1976 145; x_wconf 82' lang='lat' dir='ltr'>VOC.</span> <span class='ocrx_word' id='word_1_5' title='bbox 2002 62 2031 79; x_wconf 80' lang='lat'><strong>‘</strong></span> 
     </span>
    </p>
   </div>
   <div class='ocr_carea' id='block_1_3' title="bbox 279 216 2565 513">
    <p class='ocr_par' dir='ltr' id='par_1_3' title="bbox 279 216 2565 513">
     <span class='ocr_line' id='line_1_3' title="bbox 279 216 2565 319; baseline 0 -18"><span class='ocrx_word' id='word_1_6' title='bbox 279 217 670 301; x_wconf 66' lang='lat' dir='ltr'>cmfraoae</span> <span class='ocrx_word' id='word_1_7' title='bbox 699 240 954 307; x_wconf 76' lang='lat' dir='ltr'>voces,</span> <span class='ocrx_word' id='word_1_8' title='bbox 1005 216 1168 319; x_wconf 82' lang='lat' dir='ltr'>post</span> <span class='ocrx_word' id='word_1_9' title='bbox 1193 216 1693 298; x_wconf 74' lang='lat' dir='ltr'>medicamenti</span> <span class='ocrx_word' id='word_1_10' title='bbox 1778 219 2133 317; x_wconf 81' lang='lat' dir='ltr'>urgantis</span> <span class='ocrx_word' id='word_1_11' title='bbox 2162 220 2565 319; x_wconf 64' lang='lat' dir='ltr'>potionem</span> 
     </span>
     <span class='ocr_line' id='line_1_4' title="bbox 375 314 2561 421; baseline -0.002 -24"><span class='ocrx_word' id='word_1_12' title='bbox 375 317 904 398; x_wconf 63' lang='lat' dir='ltr'>considerandae</span> <span class='ocrx_word' id='word_1_13' title='bbox 927 375 948 406; x_wconf 90' lang='lat'>,</span> <span class='ocrx_word' id='word_1_14' title='bbox 1002 342 1181 395; x_wconf 87' lang='lat' dir='ltr'>num</span> <span class='ocrx_word' id='word_1_15' title='bbox 1220 340 1449 419; x_wconf 70' lang='lat' dir='ltr'>pravae</span> <span class='ocrx_word' id='word_1_16' title='bbox 1486 314 1618 395; x_wconf 81' lang='lat' dir='ltr'>fint</span> <span class='ocrx_word' id='word_1_17' title='bbox 1644 321 1685 399; x_wconf 73' lang='lat'>‘2</span> <span class='ocrx_word' id='word_1_18' title='bbox 1814 340 2047 395; x_wconf 87' lang='lat' dir='ltr'>orum</span> <span class='ocrx_word' id='word_1_19' title='bbox 2080 319 2461 421; x_wconf 76' lang='lat' dir='ltr'>plerisque</span> <span class='ocrx_word' id='word_1_20' title='bbox 2487 330 2561 393; x_wconf 81' lang='lat' dir='ltr'>te-</span> 
     </span>
     <span class='ocr_line' id='line_1_5' title="bbox 359 416 2557 513; baseline -0 -17"><span class='ocrx_word' id='word_1_21' title='bbox 359 442 552 499; x_wconf 77' lang='lat' dir='ltr'>nues</span> <span class='ocrx_word' id='word_1_22' title='bbox 581 419 876 500; x_wconf 74' lang='lat' dir='ltr'>sudores</span> <span class='ocrx_word' id='word_1_23' title='bbox 899 416 1276 505; x_wconf 75' lang='lat' dir='ltr'>diffluunt.</span> <span class='ocrx_word' id='word_1_24' title='bbox 1328 419 1405 497; x_wconf 72' lang='grc' dir='ltr'>δι</span> <span class='ocrx_word' id='word_1_25' title='bbox 1430 419 1569 497; x_wconf 84' lang='lat' dir='ltr'>alvi</span> <span class='ocrx_word' id='word_1_26' title='bbox 1599 417 2151 498; x_wconf 68' lang='lat' dir='ltr'>humectantur.</span> <span class='ocrx_word' id='word_1_27' title='bbox 2208 427 2398 498; x_wconf 64' lang='grc' dir='ltr'><strong>(ἕως.</strong></span> <span class='ocrx_word' id='word_1_28' title='bbox 2420 438 2557 513; x_wconf 73' lang='lat'>251.</span> 
     </span>
    </p>
   </div>
   <div class='ocr_carea' id='block_1_4' title="bbox 485 562 919 628">
    <p class='ocr_par' dir='ltr' id='par_1_4' title="bbox 485 562 919 628">
     <span class='ocr_line' id='line_1_6' title="bbox 485 562 919 628; baseline -0.007 0"><span class='ocrx_word' id='word_1_29' title='bbox 485 562 919 628; x_wconf 77' lang='lat' dir='ltr'><strong><em>LETHALIS.</em></strong></span> 
     </span>
    </p>
   </div>
   <div class='ocr_carea' id='block_1_5' title="bbox 261 663 2597 2067">
    <p class='ocr_par' dir='ltr' id='par_1_5' title="bbox 261 663 2597 2067">
     <span class='ocr_line' id='line_1_7' title="bbox 269 663 2544 768; baseline -0 -20"><span class='ocrx_word' id='word_1_30' title='bbox 269 663 728 767; x_wconf 81' lang='lat' dir='ltr'>Defipientiae</span> <span class='ocrx_word' id='word_1_31' title='bbox 749 724 770 756; x_wconf 90' lang='lat'><strong>,</strong></span> <span class='ocrx_word' id='word_1_32' title='bbox 821 690 989 745; x_wconf 85' lang='lat' dir='ltr'>cum</span> <span class='ocrx_word' id='word_1_33' title='bbox 1030 688 1218 747; x_wconf 82' lang='lat' dir='ltr'>voce</span> <span class='ocrx_word' id='word_1_34' title='bbox 1271 664 1552 743; x_wconf 78' lang='lat' dir='ltr'>stridula</span> <span class='ocrx_word' id='word_1_35' title='bbox 1576 666 1921 768; x_wconf 80' lang='lat' dir='ltr'>,·linguae</span> <span class='ocrx_word' id='word_1_36' title='bbox 1968 669 2443 752; x_wconf 79' lang='lat' dir='ltr'>revulsione,</span> <span class='ocrx_word' id='word_1_37' title='bbox 2484 693 2544 747; x_wconf 69' lang='lat' dir='ltr'>a:</span> 
     </span>
     <span class='ocr_line' id='line_1_8' title="bbox 371 766 2544 870; baseline 0 -24"><span class='ocrx_word' id='word_1_38' title='bbox 371 772 396 846; x_wconf 89' lang='lat' dir='ltr'>i</span> <span class='ocrx_word' id='word_1_39' title='bbox 452 767 498 844; x_wconf 84' lang='lat' dir='ltr'>fi</span> <span class='ocrx_word' id='word_1_40' title='bbox 523 790 818 870; x_wconf 86' lang='lat' dir='ltr'>quoque</span> <span class='ocrx_word' id='word_1_41' title='bbox 847 766 1178 853; x_wconf 79' lang='lat' dir='ltr'><strong>tremuli,</strong></span> <span class='ocrx_word' id='word_1_42' title='bbox 1231 766 1729 843; x_wconf 86' lang='lat' dir='ltr'>vehementem</span> <span class='ocrx_word' id='word_1_43' title='bbox 1752 771 2021 846; x_wconf 87' lang='lat' dir='ltr'>mentis</span> <span class='ocrx_word' id='word_1_44' title='bbox 2038 771 2544 849; x_wconf 78' lang='lat' dir='ltr'>alienationem</span> 
     </span>
     <span class='ocr_line' id='line_1_9' title="bbox 423 866 2597 972; baseline 0.003 -26"><span class='ocrx_word' id='word_1_45' title='bbox 423 870 777 968; x_wconf 82' lang='lat' dir='ltr'>gnificant.</span> <span class='ocrx_word' id='word_1_46' title='bbox 882 866 965 945; x_wconf 88' lang='lat' dir='ltr'>In</span> <span class='ocrx_word' id='word_1_47' title='bbox 1017 867 1128 943; x_wconf 75' lang='lat' dir='ltr'>his</span> <span class='ocrx_word' id='word_1_48' title='bbox 1174 866 1467 944; x_wconf 84' lang='lat' dir='ltr'>durities</span> <span class='ocrx_word' id='word_1_49' title='bbox 1491 922 1515 955; x_wconf 86' lang='lat'>,</span> <span class='ocrx_word' id='word_1_50' title='bbox 1566 883 1689 946; x_wconf 87' lang='lat' dir='ltr'>aut</span> <span class='ocrx_word' id='word_1_51' title='bbox 1718 868 2102 970; x_wconf 82' lang='lat' dir='ltr'>asperitas,</span> <span class='ocrx_word' id='word_1_52' title='bbox 2150 874 2544 972; x_wconf 84' lang='lat' dir='ltr'>perniciem</span> <span class='ocrx_word' id='word_1_53' title='bbox 2596 948 2597 953; x_wconf 8' lang='grc' dir='ltr'><strong><em>Ν</em></strong></span> 
     </span>
     <span class='ocr_line' id='line_1_10' title="bbox 369 974 1519 1061; baseline -0.003 -16"><span class='ocrx_word' id='word_1_54' title='bbox 369 974 702 1046; x_wconf 86' lang='lat' dir='ltr'>minatur.-</span> <span class='ocrx_word' id='word_1_55' title='bbox 803 975 987 1045; x_wconf 79' lang='lat' dir='ltr'>Coae.</span> <span class='ocrx_word' id='word_1_56' title='bbox 1009 990 1124 1061; x_wconf 89' lang='lat'>99.</span> <span class='ocrx_word' id='word_1_57' title='bbox 1512 996 1519 1003; x_wconf 96' lang='lat'>·</span> 
     </span>
     <span class='ocr_line' id='line_1_11' title="bbox 272 1050 2545 1171; baseline -0 -23"><span class='ocrx_word' id='word_1_58' title='bbox 272 1067 435 1148; x_wconf 75' lang='grc' dir='ltr'>ΔΜ</span> <span class='ocrx_word' id='word_1_59' title='bbox 479 1066 748 1147; x_wconf 83' lang='lat' dir='ltr'>solutio</span> <span class='ocrx_word' id='word_1_60' title='bbox 797 1091 959 1171; x_wconf 80' lang='lat' dir='ltr'>quae</span> <span class='ocrx_word' id='word_1_61' title='bbox 1009 1050 1263 1167; x_wconf 56' lang='lat' dir='ltr'>prditer</span> <span class='ocrx_word' id='word_1_62' title='bbox 1309 1067 1673 1146; x_wconf 81' lang='lat' dir='ltr'>rationem</span> <span class='ocrx_word' id='word_1_63' title='bbox 1719 1068 1986 1147; x_wconf 87' lang='lat' dir='ltr'>accidit</span> <span class='ocrx_word' id='word_1_64' title='bbox 2036 1122 2060 1151; x_wconf 83' lang='lat'>‚</span> <span class='ocrx_word' id='word_1_65' title='bbox 2128 1094 2299 1149; x_wconf 88' lang='lat' dir='ltr'>cum</span> <span class='ocrx_word' id='word_1_66' title='bbox 2361 1092 2545 1155; x_wconf 65' lang='lat' dir='ltr'>voce</span> 
     </span>
     <span class='ocr_line' id='line_1_12' title="bbox 363 1166 2597 1289; baseline 0.002 -44"><span class='ocrx_word' id='word_1_67' title='bbox 363 1168 669 1246; x_wconf 85' lang='lat' dir='ltr'>tremula</span> <span class='ocrx_word' id='word_1_68' title='bbox 695 1225 719 1258; x_wconf 88' lang='lat'><strong>,</strong></span> <span class='ocrx_word' id='word_1_69' title='bbox 768 1170 843 1244; x_wconf 90' lang='lat' dir='ltr'>in</span> <span class='ocrx_word' id='word_1_70' title='bbox 880 1167 992 1244; x_wconf 82' lang='lat' dir='ltr'>his</span> <span class='ocrx_word' id='word_1_71' title='bbox 1023 1224 1045 1256; x_wconf 88' lang='lat'><strong>.</strong></span> <span class='ocrx_word' id='word_1_72' title='bbox 1094 1166 1363 1245; x_wconf 87' lang='lat' dir='ltr'>diutius</span> <span class='ocrx_word' id='word_1_73' title='bbox 1411 1168 1894 1267; x_wconf 80' lang='lat' dir='ltr'>perseverante</span> <span class='ocrx_word' id='word_1_74' title='bbox 1934 1172 2498 1273; x_wconf 76' lang='lat' dir='ltr'>perturbatione</span> <span class='ocrx_word' id='word_1_75' title='bbox 2516 1229 2542 1261; x_wconf 87' lang='lat'>,</span> <span class='ocrx_word' id='word_1_76' title='bbox 2596 1252 2597 1289; x_wconf 42' lang='lat' dir='ltr'><em>x</em></span> 
     </span>
     <span class='ocr_line' id='line_1_13' title="bbox 279 1267 2597 1369; baseline 0 -24"><span class='ocrx_word' id='word_1_77' title='bbox 279 1294 286 1305; x_wconf 94' lang='lat'><em>·</em></span> <span class='ocrx_word' id='word_1_78' title='bbox 366 1270 718 1369; x_wconf 81' lang='lat' dir='ltr'>pernicies</span> <span class='ocrx_word' id='word_1_79' title='bbox 759 1267 1170 1345; x_wconf 87' lang='lat' dir='ltr'>intentatur.</span> <span class='ocrx_word' id='word_1_80' title='bbox 1281 1276 1459 1343; x_wconf 77' lang='lat' dir='ltr'>coac.</span> <span class='ocrx_word' id='word_1_81' title='bbox 1491 1284 1658 1362; x_wconf 83' lang='lat'>258.</span> <span class='ocrx_word' id='word_1_82' title='bbox 2596 1296 2597 1303; x_wconf 45' lang='lat'>¹</span> 
     </span>
     <span class='ocr_line' id='line_1_14' title="bbox 265 1363 2539 1468; baseline 0.003 -23"><span class='ocrx_word' id='word_1_83' title='bbox 265 1363 415 1445; x_wconf 87' lang='lat' dir='ltr'>Ubi</span> <span class='ocrx_word' id='word_1_84' title='bbox 475 1392 569 1447; x_wconf 83' lang='lat' dir='ltr'>ex</span> <span class='ocrx_word' id='word_1_85' title='bbox 612 1370 893 1445; x_wconf 86' lang='lat' dir='ltr'>vomitu</span> <span class='ocrx_word' id='word_1_86' title='bbox 942 1366 1339 1445; x_wconf 82' lang='lat' dir='ltr'>anxietudo</span> <span class='ocrx_word' id='word_1_87' title='bbox 1382 1381 1691 1468; x_wconf 80' lang='lat' dir='ltr'>occupat</span> <span class='ocrx_word' id='word_1_88' title='bbox 1724 1426 1747 1458; x_wconf 88' lang='lat'>‚</span> <span class='ocrx_word' id='word_1_89' title='bbox 1830 1393 1987 1447; x_wconf 80' lang='lat' dir='ltr'>vox</span> <span class='ocrx_word' id='word_1_90' title='bbox 2042 1370 2347 1450; x_wconf 79' lang='lat' dir='ltr'>stridula</span> <span class='ocrx_word' id='word_1_91' title='bbox 2410 1371 2539 1454; x_wconf 79' lang='lat' dir='ltr'>est.</span> 
     </span>
     <span class='ocr_line' id='line_1_15' title="bbox 365 1465 2543 1569; baseline 0.001 -24"><span class='ocrx_word' id='word_1_92' title='bbox 365 1468 561 1545; x_wconf 86' lang='lat' dir='ltr'>oculi</span> <span class='ocrx_word' id='word_1_93' title='bbox 599 1468 893 1569; x_wconf 79' lang='lat' dir='ltr'>pulvere</span> <span class='ocrx_word' id='word_1_94' title='bbox 920 1465 1127 1544; x_wconf 85' lang='lat' dir='ltr'>obfiti</span> <span class='ocrx_word' id='word_1_95' title='bbox 1149 1521 1171 1555; x_wconf 85' lang='lat'><strong>,</strong></span> <span class='ocrx_word' id='word_1_96' title='bbox 1225 1465 1491 1545; x_wconf 71' lang='lat' dir='ltr'>insania</span> <span class='ocrx_word' id='word_1_97' title='bbox 1526 1469 2039 1569; x_wconf 80' lang='lat' dir='ltr'>portenditur:</span> <span class='ocrx_word' id='word_1_98' title='bbox 2092 1496 2185 1549; x_wconf 87' lang='lat' dir='ltr'>ac</span> <span class='ocrx_word' id='word_1_99' title='bbox 2212 1474 2396 1550; x_wconf 71' lang='lat' dir='ltr'>tales</span> <span class='ocrx_word' id='word_1_100' title='bbox 2434 1497 2543 1548; x_wconf 79' lang='lat' dir='ltr'>ve-</span> 
     </span>
     <span class='ocr_line' id='line_1_16' title="bbox 361 1564 2537 1669; baseline 0.002 -24"><span class='ocrx_word' id='word_1_101' title='bbox 361 1568 684 1647; x_wconf 79' lang='lat' dir='ltr'>hementi</span> <span class='ocrx_word' id='word_1_102' title='bbox 722 1564 986 1647; x_wconf 79' lang='lat' dir='ltr'>insania</span> <span class='ocrx_word' id='word_1_103' title='bbox 1010 1568 1364 1669; x_wconf 84' lang='lat' dir='ltr'>correpti,</span> <span class='ocrx_word' id='word_1_104' title='bbox 1415 1590 1597 1647; x_wconf 82' lang='lat' dir='ltr'>voce</span> <span class='ocrx_word' id='word_1_105' title='bbox 1626 1569 1879 1648; x_wconf 64' lang='lat' dir='ltr'>defecti</span> <span class='ocrx_word' id='word_1_106' title='bbox 1905 1574 2299 1650; x_wconf 83' lang='lat' dir='ltr'>intereunt.</span> <span class='ocrx_word' id='word_1_107' title='bbox 2356 1583 2537 1650; x_wconf 66' lang='lat' dir='ltr'>canc.</span> 
     </span>
     <span class='ocr_line' id='line_1_17' title="bbox 416 1680 531 1744; baseline 0 0"><span class='ocrx_word' id='word_1_108' title='bbox 416 1680 531 1744; x_wconf 80' lang='lat'>61.</span> 
     </span>
     <span class='ocr_line' id='line_1_18' title="bbox 261 1690 2547 1869; baseline 0 -22"><span class='ocrx_word' id='word_1_109' title='bbox 261 1765 348 1847; x_wconf 83' lang='lat' dir='ltr'>In</span> <span class='ocrx_word' id='word_1_110' title='bbox 370 1690 865 1869; x_wconf 73' lang='lat' dir='ltr'>5opisthotono</span> <span class='ocrx_word' id='word_1_111' title='bbox 894 1824 916 1857; x_wconf 91' lang='lat'><strong>,</strong></span> <span class='ocrx_word' id='word_1_112' title='bbox 967 1767 1095 1846; x_wconf 91' lang='lat' dir='ltr'>ubi</span> <span class='ocrx_word' id='word_1_113' title='bbox 1129 1789 1254 1867; x_wconf 85' lang='lat' dir='ltr'>per</span> <span class='ocrx_word' id='word_1_114' title='bbox 1288 1768 1489 1845; x_wconf 87' lang='lat' dir='ltr'>initia</span> <span class='ocrx_word' id='word_1_115' title='bbox 1530 1792 1681 1846; x_wconf 81' lang='lat' dir='ltr'>vox</span> <span class='ocrx_word' id='word_1_116' title='bbox 1720 1769 1987 1848; x_wconf 59' lang='lat' dir='ltr'>defecta</span> <span class='ocrx_word' id='word_1_117' title='bbox 2023 1768 2217 1859; x_wconf 85' lang='lat' dir='ltr'>fuit,</span> <span class='ocrx_word' id='word_1_118' title='bbox 2286 1772 2547 1848; x_wconf 83' lang='lat' dir='ltr'>clama-</span> 
     </span>
     <span class='ocr_line' id='line_1_19' title="bbox 365 1867 2543 1968; baseline 0.002 -21"><span class='ocrx_word' id='word_1_119' title='bbox 365 1894 493 1956; x_wconf 85' lang='lat' dir='ltr'>re,</span> <span class='ocrx_word' id='word_1_120' title='bbox 552 1882 674 1949; x_wconf 85' lang='lat' dir='ltr'>aut</span> <span class='ocrx_word' id='word_1_121' title='bbox 726 1870 1033 1966; x_wconf 84' lang='lat' dir='ltr'>nugari,</span> <span class='ocrx_word' id='word_1_122' title='bbox 1103 1867 1419 1961; x_wconf 82' lang='lat' dir='ltr'>lethale3</span> <span class='ocrx_word' id='word_1_123' title='bbox 1492 1870 1831 1968; x_wconf 83' lang='lat' dir='ltr'>postridie</span> <span class='ocrx_word' id='word_1_124' title='bbox 1898 1874 2098 1948; x_wconf 86' lang='lat' dir='ltr'>enim</span> <span class='ocrx_word' id='word_1_125' title='bbox 2144 1870 2543 1951; x_wconf 77' lang='lat' dir='ltr'>affumram</span> 
     </span>
     <span class='ocr_line' id='line_1_20' title="bbox 361 1965 1569 2067; baseline 0.002 -23"><span class='ocrx_word' id='word_1_126' title='bbox 361 1983 673 2046; x_wconf 78' lang='lat' dir='ltr'>mortem</span> <span class='ocrx_word' id='word_1_127' title='bbox 718 1965 1076 2067; x_wconf 82' lang='lat' dir='ltr'>fignificat.</span> <span class='ocrx_word' id='word_1_128' title='bbox 1187 1977 1367 2046; x_wconf 79' lang='lat' dir='ltr'>coac.</span> <span class='ocrx_word' id='word_1_129' title='bbox 1406 1984 1569 2059; x_wconf 82' lang='lat'>361.</span> 
     </span>
    </p>
   </div>
   <div class='ocr_carea' id='block_1_6' title="bbox 471 2112 1925 2181">
    <p class='ocr_par' dir='ltr' id='par_1_6' title="bbox 471 2112 1925 2181">
     <span class='ocr_line' id='line_1_21' title="bbox 471 2112 1925 2181; baseline 0.003 -5"><span class='ocrx_word' id='word_1_130' title='bbox 471 2113 654 2178; x_wconf 79' lang='lat' dir='ltr'>VOX</span> <span class='ocrx_word' id='word_1_131' title='bbox 686 2112 1333 2181; x_wconf 72' lang='lat' dir='ltr'><em>CONVULSIONEM</em></span> <span class='ocrx_word' id='word_1_132' title='bbox 1368 2114 1925 2180; x_wconf 77' lang='lat' dir='ltr'><strong><em>PORTENDENS.</em></strong></span> 
     </span>
    </p>
   </div>
   <div class='ocr_carea' id='block_1_7' title="bbox 254 2236 2540 2538">
    <p class='ocr_par' dir='ltr' id='par_1_7' title="bbox 254 2236 2540 2538">
     <span class='ocr_line' id='line_1_22' title="bbox 254 2236 2537 2333; baseline 0.002 -12"><span class='ocrx_word' id='word_1_133' title='bbox 254 2236 438 2332; x_wconf 70' lang='lat' dir='ltr'>,Vox</span> <span class='ocrx_word' id='word_1_134' title='bbox 471 2252 720 2326; x_wconf 86' lang='lat' dir='ltr'>acuta,</span> <span class='ocrx_word' id='word_1_135' title='bbox 773 2238 1240 2333; x_wconf 83' lang='lat' dir='ltr'>ejulabunda,</span> <span class='ocrx_word' id='word_1_136' title='bbox 1298 2264 1383 2318; x_wconf 87' lang='lat' dir='ltr'>ac</span> <span class='ocrx_word' id='word_1_137' title='bbox 1428 2241 1811 2319; x_wconf 86' lang='lat' dir='ltr'>oculorum</span> <span class='ocrx_word' id='word_1_138' title='bbox 1856 2238 2233 2319; x_wconf 86' lang='lat' dir='ltr'>hebetudo</span> <span class='ocrx_word' id='word_1_139' title='bbox 2258 2299 2286 2330; x_wconf 90' lang='lat'><strong>,</strong></span> <span class='ocrx_word' id='word_1_140' title='bbox 2356 2268 2537 2324; x_wconf 85' lang='lat' dir='ltr'>oon-</span> 
     </span>
     <span class='ocr_line' id='line_1_23' title="bbox 360 2337 2540 2449; baseline 0.004 -34"><span class='ocrx_word' id='word_1_141' title='bbox 360 2337 756 2417; x_wconf 86' lang='lat' dir='ltr'>vulfionem</span> <span class='ocrx_word' id='word_1_142' title='bbox 811 2342 1193 2418; x_wconf 86' lang='lat' dir='ltr'>minantur.</span> <span class='ocrx_word' id='word_1_143' title='bbox 1296 2338 1429 2418; x_wconf 84' lang='lat' dir='ltr'>His</span> <span class='ocrx_word' id='word_1_144' title='bbox 1473 2338 1759 2418; x_wconf 76' lang='lat' dir='ltr'>dolores</span> <span class='ocrx_word' id='word_1_145' title='bbox 1815 2343 1907 2419; x_wconf 87' lang='lat' dir='ltr'>ad</span> <span class='ocrx_word' id='word_1_146' title='bbox 1950 2342 2340 2420; x_wconf 83' lang='lat' dir='ltr'>inferiores</span> <span class='ocrx_word' id='word_1_147' title='bbox 2378 2371 2540 2449; x_wconf 84' lang='lat' dir='ltr'>par·</span> 
     </span>
     <span class='ocr_line' id='line_1_24' title="bbox 354 2435 2175 2538; baseline -0.001 -18"><span class='ocrx_word' id='word_1_148' title='bbox 354 2454 462 2520; x_wconf 85' lang='lat' dir='ltr'>tes</span> <span class='ocrx_word' id='word_1_149' title='bbox 514 2435 826 2518; x_wconf 73' lang='lat' dir='ltr'>demini,</span> <span class='ocrx_word' id='word_1_150' title='bbox 879 2440 1186 2517; x_wconf 84' lang='lat' dir='ltr'>toleratu</span> <span class='ocrx_word' id='word_1_151' title='bbox 1223 2438 1386 2518; x_wconf 88' lang='lat' dir='ltr'>sunt</span> <span class='ocrx_word' id='word_1_152' title='bbox 1421 2439 1679 2518; x_wconf 85' lang='lat' dir='ltr'>faciles.</span> <span class='ocrx_word' id='word_1_153' title='bbox 1787 2448 1975 2516; x_wconf 74' lang='lat' dir='ltr'>Coae.</span> <span class='ocrx_word' id='word_1_154' title='bbox 2004 2463 2175 2538; x_wconf 79' lang='lat'>257.</span> 
     </span>
    </p>
   </div>
   <div class='ocr_carea' id='block_1_8' title="bbox 464 2571 1988 2675">
    <p class='ocr_par' dir='ltr' id='par_1_8' title="bbox 464 2571 1988 2675">
     <span class='ocr_line' id='line_1_25' title="bbox 464 2571 1988 2675; baseline 0.005 -13"><span class='ocrx_word' id='word_1_155' title='bbox 464 2597 688 2662; x_wconf 64' lang='lat' dir='ltr'>comt</span> <span class='ocrx_word' id='word_1_156' title='bbox 754 2597 1245 2665; x_wconf 68' lang='lat' dir='ltr'><em>RESPIRATTO</em></span> <span class='ocrx_word' id='word_1_157' title='bbox 1265 2643 1287 2675; x_wconf 88' lang='lat'><strong>,</strong></span> <span class='ocrx_word' id='word_1_158' title='bbox 1330 2599 1654 2667; x_wconf 71' lang='grc' dir='ltr'><em>εΛΡιπε</em></span> <span class='ocrx_word' id='word_1_159' title='bbox 1688 2571 1988 2669; x_wconf 66' lang='lat' dir='ltr'>poton.</span> 
     </span>
    </p>
   </div>
   <div class='ocr_carea' id='block_1_9' title="bbox 252 2774 2078 2970">
    <p class='ocr_par' dir='ltr' id='par_1_9' title="bbox 252 2774 2078 2970">
     <span class='ocr_line' id='line_1_26' title="bbox 252 2774 2078 2866; baseline 0.003 -5"><span class='ocrx_word' id='word_1_160' title='bbox 252 2776 635 2861; x_wconf 90' lang='lat' dir='ltr'>VOCIS</span> <span class='ocrx_word' id='word_1_161' title='bbox 701 2774 1363 2860; x_wconf 82' lang='lat' dir='ltr'><strong>DEFECTIO.</strong></span> <span class='ocrx_word' id='word_1_162' title='bbox 1496 2780 2078 2866; x_wconf 80' lang='lat' dir='ltr'>APHONIA.</span> 
     </span>
     <span class='ocr_line' id='line_1_27' title="bbox 379 2897 1046 2970; baseline -0.003 0"><span class='ocrx_word' id='word_1_163' title='bbox 379 2905 479 2970; x_wconf 74' lang='lat' dir='ltr'>AD</span> <span class='ocrx_word' id='word_1_164' title='bbox 523 2897 1046 2968; x_wconf 60' lang='lat' dir='ltr'>PRoGNos1u.⁴</span> 
     </span>
    </p>
   </div>
   <div class='ocr_carea' id='block_1_10' title="bbox 450 3018 1185 3087">
    <p class='ocr_par' dir='ltr' id='par_1_10' title="bbox 450 3018 1185 3087">
     <span class='ocr_line' id='line_1_28' title="bbox 450 3018 1185 3087; baseline 0.003 -2"><span class='ocrx_word' id='word_1_165' title='bbox 450 3018 850 3085; x_wconf 81' lang='lat' dir='ltr'><em>MELIORIS</em></span> <span class='ocrx_word' id='word_1_166' title='bbox 914 3020 1185 3087; x_wconf 78' lang='lat' dir='ltr'><em>NOTAE.</em></span> 
     </span>
    </p>
   </div>
   <div class='ocr_carea' id='block_1_11' title="bbox 249 3137 2526 3650">
    <p class='ocr_par' dir='ltr' id='par_1_11' title="bbox 251 3137 2526 3447">
     <span class='ocr_line' id='line_1_29' title="bbox 251 3137 2526 3239; baseline 0.007 -21"><span class='ocrx_word' id='word_1_167' title='bbox 251 3137 442 3236; x_wconf 72' lang='lat' dir='ltr'>Quae</span> <span class='ocrx_word' id='word_1_168' title='bbox 496 3157 595 3217; x_wconf 81' lang='lat' dir='ltr'>ex</span> <span class='ocrx_word' id='word_1_169' title='bbox 628 3138 869 3239; x_wconf 86' lang='lat' dir='ltr'>rigore</span> <span class='ocrx_word' id='word_1_170' title='bbox 912 3140 1092 3219; x_wconf 86' lang='lat' dir='ltr'>fiunt</span> <span class='ocrx_word' id='word_1_171' title='bbox 1125 3144 1322 3221; x_wconf 83' lang='lat' dir='ltr'>vocis</span> <span class='ocrx_word' id='word_1_172' title='bbox 1372 3143 1839 3239; x_wconf 58' lang='lat' dir='ltr'>desedimus,</span> <span class='ocrx_word' id='word_1_173' title='bbox 1890 3163 2210 3229; x_wconf 87' lang='lat' dir='ltr'>tremore</span> <span class='ocrx_word' id='word_1_174' title='bbox 2235 3151 2526 3233; x_wconf 77' lang='lat' dir='ltr'>solvun-</span> 
     </span>
     <span class='ocr_line' id='line_1_30' title="bbox 352 3242 2523 3353; baseline 0.007 -35"><span class='ocrx_word' id='word_1_175' title='bbox 352 3256 518 3325; x_wconf 82' lang='lat' dir='ltr'>tur;</span> <span class='ocrx_word' id='word_1_176' title='bbox 569 3251 784 3337; x_wconf 83' lang='lat' dir='ltr'>atque</span> <span class='ocrx_word' id='word_1_177' title='bbox 827 3263 953 3319; x_wconf 87' lang='lat' dir='ltr'>eos</span> <span class='ocrx_word' id='word_1_178' title='bbox 985 3244 1112 3340; x_wconf 90' lang='lat' dir='ltr'>qui</span> <span class='ocrx_word' id='word_1_179' title='bbox 1147 3242 1448 3322; x_wconf 86' lang='lat' dir='ltr'>subinde</span> <span class='ocrx_word' id='word_1_180' title='bbox 1487 3272 1687 3330; x_wconf 79' lang='lat' dir='ltr'>novo</span> <span class='ocrx_word' id='word_1_181' title='bbox 1714 3251 1972 3349; x_wconf 79' lang='lat' dir='ltr'>rigore</span> <span class='ocrx_word' id='word_1_182' title='bbox 2006 3256 2523 3353; x_wconf 84' lang='lat' dir='ltr'>corripiuntur,</span> 
     </span>
     <span class='ocr_line' id='line_1_31' title="bbox 349 3336 2001 3447; baseline 0.005 -31"><span class='ocrx_word' id='word_1_183' title='bbox 349 3336 802 3418; x_wconf 82' lang='lat' dir='ltr'>succedentes</span> <span class='ocrx_word' id='word_1_184' title='bbox 851 3353 1196 3419; x_wconf 83' lang='lat' dir='ltr'>tremores</span> <span class='ocrx_word' id='word_1_185' title='bbox 1229 3345 1565 3439; x_wconf 85' lang='lat' dir='ltr'>judicant.</span> <span class='ocrx_word' id='word_1_186' title='bbox 1672 3357 1852 3427; x_wconf 78' lang='lat' dir='ltr'>Coae.</span> <span class='ocrx_word' id='word_1_187' title='bbox 1886 3373 2001 3447; x_wconf 90' lang='lat'>27.</span> 
     </span>
    </p>

    <p class='ocr_par' dir='ltr' id='par_1_12' title="bbox 249 3437 2523 3650">
     <span class='ocr_line' id='line_1_32' title="bbox 249 3437 2523 3542; baseline 0.008 -27"><span class='ocrx_word' id='word_1_188' title='bbox 249 3440 407 3536; x_wconf 86' lang='lat' dir='ltr'>Qui</span> <span class='ocrx_word' id='word_1_189' title='bbox 450 3441 530 3513; x_wconf 91' lang='lat' dir='ltr'>in</span> <span class='ocrx_word' id='word_1_190' title='bbox 571 3437 770 3516; x_wconf 87' lang='lat' dir='ltr'>febre</span> <span class='ocrx_word' id='word_1_191' title='bbox 812 3437 1067 3518; x_wconf 85' lang='lat' dir='ltr'>affidua</span> <span class='ocrx_word' id='word_1_192' title='bbox 1111 3442 1362 3522; x_wconf 65' lang='lat' dir='ltr'>defedli</span> <span class='ocrx_word' id='word_1_193' title='bbox 1411 3449 1642 3542; x_wconf 86' lang='lat' dir='ltr'>jacent</span> <span class='ocrx_word' id='word_1_194' title='bbox 1666 3506 1690 3537; x_wconf 90' lang='lat'>,</span> <span class='ocrx_word' id='word_1_195' title='bbox 1744 3452 1819 3526; x_wconf 72' lang='grc' dir='ltr'>δι</span> <span class='ocrx_word' id='word_1_196' title='bbox 1863 3450 2090 3528; x_wconf 84' lang='lat' dir='ltr'>oculis</span> <span class='ocrx_word' id='word_1_197' title='bbox 2121 3451 2523 3532; x_wconf 76' lang='lat' dir='ltr'>conniven-</span> 
     </span>
     <span class='ocr_line' id='line_1_33' title="bbox 352 3536 2522 3650; baseline 0.007 -33"><span class='ocrx_word' id='word_1_198' title='bbox 352 3541 544 3618; x_wconf 80' lang='lat' dir='ltr'>tibus</span> <span class='ocrx_word' id='word_1_199' title='bbox 590 3536 982 3620; x_wconf 71' lang='lat' dir='ltr'>niflantur.</span> <span class='ocrx_word' id='word_1_200' title='bbox 1037 3542 1112 3616; x_wconf 87' lang='lat' dir='ltr'>hi</span> <span class='ocrx_word' id='word_1_201' title='bbox 1156 3544 1516 3635; x_wconf 85' lang='lat' dir='ltr'>evadunt,</span> <span class='ocrx_word' id='word_1_202' title='bbox 1571 3545 1622 3623; x_wconf 87' lang='lat' dir='ltr'><strong>fi</strong></span> <span class='ocrx_word' id='word_1_203' title='bbox 1671 3549 1833 3649; x_wconf 90' lang='lat' dir='ltr'>post</span> <span class='ocrx_word' id='word_1_204' title='bbox 1865 3549 2218 3650; x_wconf 86' lang='lat' dir='ltr'>sanguinis</span> <span class='ocrx_word' id='word_1_205' title='bbox 2250 3546 2359 3629; x_wconf 85' lang='lat' dir='ltr'>&#39;ex</span> <span class='ocrx_word' id='word_1_206' title='bbox 2401 3579 2522 3632; x_wconf 85' lang='lat' dir='ltr'>na-</span> 
     </span>
    </p>
   </div>
   <div class='ocr_carea' id='block_1_12' title="bbox 346 3633 2597 3841">
    <p class='ocr_par' dir='ltr' id='par_1_13' title="bbox 346 3633 2597 3841">
     <span class='ocr_line' id='line_1_34' title="bbox 349 3633 2597 3757; baseline 0.005 -37"><span class='ocrx_word' id='word_1_207' title='bbox 349 3641 547 3720; x_wconf 82' lang='lat' dir='ltr'>ribus</span> <span class='ocrx_word' id='word_1_208' title='bbox 572 3633 850 3720; x_wconf 86' lang='lat' dir='ltr'>fluxum</span> <span class='ocrx_word' id='word_1_209' title='bbox 870 3696 891 3727; x_wconf 91' lang='lat'>‚</span> <span class='ocrx_word' id='word_1_210' title='bbox 924 3663 1006 3716; x_wconf 87' lang='lat' dir='ltr'>ac</span> <span class='ocrx_word' id='word_1_211' title='bbox 1039 3646 1395 3723; x_wconf 86' lang='lat' dir='ltr'>vomitum</span> <span class='ocrx_word' id='word_1_212' title='bbox 1416 3696 1437 3727; x_wconf 86' lang='lat'>‚</span> <span class='ocrx_word' id='word_1_213' title='bbox 1476 3648 1566 3727; x_wconf 83' lang='lat' dir='ltr'>ad</span> <span class='ocrx_word' id='word_1_214' title='bbox 1595 3648 2003 3753; x_wconf 83' lang='lat' dir='ltr'>loquelam,</span> <span class='ocrx_word' id='word_1_215' title='bbox 2038 3651 2109 3727; x_wconf 73' lang='lat' dir='ltr'>St</span> <span class='ocrx_word' id='word_1_216' title='bbox 2133 3650 2233 3730; x_wconf 83' lang='lat' dir='ltr'>ad</span> <span class='ocrx_word' id='word_1_217' title='bbox 2257 3651 2522 3757; x_wconf 74' lang='lat' dir='ltr'>seipsos</span> <span class='ocrx_word' id='word_1_218' title='bbox 2596 3661 2597 3664; x_wconf 66' lang='lat'>‘</span> 
     </span>
     <span class='ocr_line' id='line_1_35' title="bbox 346 3738 1111 3841; baseline 0.001 -23"><span class='ocrx_word' id='word_1_219' title='bbox 346 3738 656 3818; x_wconf 82' lang='lat' dir='ltr'>redeant.</span> <span class='ocrx_word' id='word_1_220' title='bbox 778 3746 833 3811; x_wconf 89' lang='lat' dir='ltr'>C</span> <span class='ocrx_word' id='word_1_221' title='bbox 837 3766 961 3815; x_wconf 77' lang='lat' dir='ltr'>vac.</span> <span class='ocrx_word' id='word_1_222' title='bbox 993 3765 1111 3841; x_wconf 88' lang='lat'>77.</span> 
     </span>
    </p>
   </div>
   <div class='ocr_carea' id='block_1_13' title="bbox 2595 43 2598 852">
    <p class='ocr_par' dir='ltr' id='par_1_14' title="bbox 2595 43 2598 852">
     <span class='ocr_line' id='line_1_36' title="bbox 2595 43 2598 852; baseline 0 0"><span class='ocrx_word' id='word_1_223' title='bbox 2595 43 2598 852; x_wconf 95' lang='lat' dir='ltr'> </span> 
     </span>
    </p>
   </div>
   <div class='ocr_carea' id='block_1_14' title="bbox 2590 2257 2598 2706">
    <p class='ocr_par' dir='ltr' id='par_1_15' title="bbox 2590 2257 2598 2706">
     <span class='ocr_line' id='line_1_37' title="bbox 2590 2257 2598 2706; baseline 0 1722"><span class='ocrx_word' id='word_1_224' title='bbox 2590 2257 2598 2706; x_wconf 95' lang='lat' dir='ltr'> </span> 
     </span>
    </p>
   </div>
   <div class='ocr_carea' id='block_1_15' title="bbox 2594 3677 2598 4030">
    <p class='ocr_par' dir='ltr' id='par_1_16' title="bbox 2594 3677 2598 4030">
     <span class='ocr_line' id='line_1_38' title="bbox 2594 3677 2598 4030; baseline 0 398"><span class='ocrx_word' id='word_1_225' title='bbox 2594 3677 2598 4030; x_wconf 95' lang='lat' dir='ltr'> </span> 
     </span>
    </p>
   </div>
   <div class='ocr_carea' id='block_1_16' title="bbox 2386 3869 2517 3998">
    <p class='ocr_par' dir='ltr' id='par_1_17' title="bbox 2386 3869 2517 3998">
     <span class='ocr_line' id='line_1_39' title="bbox 2386 3869 2517 3998; baseline -0.008 0"><span class='ocrx_word' id='word_1_226' title='bbox 2386 3869 2517 3998; x_wconf 71' lang='grc' dir='ltr'>υὲ.</span> 
     </span>
    </p>
   </div>
  </div>
 </body>
</html>
