2644 4428
1051 63 1389 157 PLEUR,
1539 3 1544 10 ·
2190 91 2346 166 ιη

81 215 478 297 perniciem
525 209 966 302 denunciant
1002 218 1201 320 spum
1235 224 1477 321 nigra,
1528 220 1905 323 fuliginosa
1933 282 1957 313 ,
2013 236 2136 305 aut
2168 230 2333 330 qui.

82 375 85 380 »
176 320 317 396 bus
353 321 587 418 qualia
623 343 715 397 ex
750 323 921 398 vino
962 324 1182 421 nigro
1229 320 1432 399 fiunt.
1542 333 1725 401 coac.
1750 347 1922 421 407.

81 415 377 511 Quibus
421 425 498 497 in
549 421 819 498 morbo
855 417 1087 500 lateris
1113 479 1136 510 ,
1203 423 1554 523 plurimus
1594 448 1687 500 ex
1730 424 1942 522 sputo
2005 427 2327 528 strepitur

173 521 255 596 in
310 521 596 620 pestore
634 520 841 599 sonat
861 577 882 609 ‚
938 523 1013 598 δι
1055 523 1293 600 vultus
1341 522 1670 601 demissus
1704 525 1803 602 est
1828 582 1850 614 ,
1922 532 2330 632 oculusque

170 623 500 720 aurigine
550 619 885 704 suffusus,
937 622 1011 698 &
1046 623 1355 721 caligine
1400 623 1752 703 obductus
1779 675 1800 706 ,
1854 627 1931 703 iu
1962 625 2075 705 his
2125 652 2330 708 mort

176 741 273 794 ex
328 721 617 800 et'tanda
656 721 770 798 est.
885 729 1055 800 Coae.
1092 733 1254 815 388.
2211 811 2217 818 ,

81 818 271 897 Ριιηι
299 829 507 899 ento&
549 823 983 899 moderatius
1036 823 1373 900 habentes
1396 875 1420 903 ,
1489 820 1537 898 fi
1588 824 1784 924 sputa
1838 826 2326 926 graveolentia

176 921 751 1024 consequantur,
811 923 1114 1000 recidiva
1165 926 1526 1002 interimit.
1642 934 1817 1003 Coae.
1854 937 2024 1024 406.

81 1019 421 1114 Quibus,
472 1018 525 1097 fi
577 1025 1133 1111 concutiuntur,
1188 1047 1324 1125 pus
1370 1025 1853 1116 lutulentum,
1908 1029 1983 1104 sc
2030 1050 2326 1126 graveo-

177 1119 331 1197 lens
377 1121 662 1221 prodit,
719 1123 1188 1222 utplurimum
1228 1126 1653 1203 moriuntur.
1761 1134 1937 1201 Coae.
1964 1152 2134 1222 409.

81 1220 370 1314 Quibus
403 1223 769 1322 specillum
805 1224 845 1299 a
900 1248 1120 1323 pure,
1175 1226 1372 1301 velut
1404 1226 1492 1301 ab
1531 1229 1706 1322 igne
1734 1284 1756 1316 ,
1809 1228 2215 1316 coloratur,
2271 1230 2325 1305 ii

173 1320 324 1400 fere
353 1326 778 1401 moriuntur.
884 1330 1063 1402 Coae.
1090 1351 1258 1422 410.

81 1420 157 1499 [n
193 1422 496 1501 laterum
524 1424 938 1510 doloribus,
994 1428 1195 1503 urina
1235 1440 1573 1513 cruenta,
1631 1426 1928 1506 obscura
1955 1482 1978 1515 ,
2033 1451 2200 1505 cum
2225 1451 2322 1506 eo

174 1523 402 1641 quod·
440 1520 783 1612 subsidet,
858 1526 1055 1608 vario
1111 1527 1183 1601 &
1223 1524 1646 1606 indiscreto,
1716 1529 2193 1628 utplurimum
2244 1531 2323 1606 in

81 1623 1217 1812 Μὲζυῒτοὲἓῗοὲοξὲἓέὶίἶῗῖἳΐ
1240 1634 1674 1826 ρτξὲῗὲεἶιιεοῐ
1685 1685 2020 1802 οῐιιοιῒεττη
2059 1724 2191 1803 effe
2241 1725 2324 1802 fi-

172 1823 507 1920 gnificat,
561 1849 721 1921 quae
764 1826 1003 1901 viridis
1045 1826 1331 1925 nigrum
1379 1824 1594 1902 habet
1629 1824 2146 1910 sedimentom‚
2199 1841 2325 1905 aut

173 1921 560 2002 furfuribus
593 1922 831 2000 limile.
940 1931 1112 2004 coac.
1149 1940 1358 2018 581.⁸
1437 2001 1450 2010 ,

296 2066 552 2131 NOTA:
592 2065 1241 2130 SUPPURATIONIS
1280 2068 1653 2131 FUTURAE.

81 2173 239 2268 Qui
354 2172 656 2250 leutitici
692 2170 900 2259 faeti,
978 2195 1130 2248 non
1193 2185 1672 2271 repurgantur
1711 2167 2011 2271 superne
2065 2172 2143 2247 in
2208 2196 2317 2271 ¹4·

177 2274 294 2349 die
348 2297 467 2363 uS,
518 2272 628 2350 his
669 2277 744 2348 in
786 2271 1371 2370 suppurationem
1409 2276 1864 2347 convertitur.
1968 2273 2123 2366 Apb.
2160 2282 2228 2350 V.
2253 2286 2318 2357 8.

81 2374 191 2455 Ad
227 2373 455 2450 lateris
492 2372 824 2452 dolorem
873 2370 1155 2472 insuper
1203 2369 1588 2449 accedente
1633 2371 2064 2470 strangulatu
2092 2371 2329 2474 ,sup-

142 2475 572 2574 ,putationis
614 2471 868 2555 futurae
898 2472 1049 2570 spes
1087 2470 1201 2549 est.
1308 2481 1488 2545 Coae.
1528 2497 1555 2547 1
1580 2493 1690 2565 13,

81 2576 343 2656 Lateris
390 2574 655 2680 dolor,
709 2596 879 2653 cum
935 2571 1269 2657 diuturna
1309 2571 1508 2648 febre
1531 2629 1556 2661 ‚
1633 2572 1831 2671 puris
1871 2568 2328 2651 edudiionem

162 2672 325 2751 fore
366 2684 675 2752 denotat.
781 2682 958 2749 Coae.
985 2694 1154 2767 421.

81 2776 235 2872 Qui
280 2772 577 2853 subinde
623 2772 926 2849 horrore
977 2770 1466 2870 corripiuntur
1502 2820 1522 2850 ‚
1598 2768 1689 2846 ad
1741 2768 2328 2871 suppurationem

172 2873 586 2952 deveniunt.
716 2870 923 2967 Quin
967 2874 1179 2950 etiam
1223 2870 1436 2949 febris
1484 2868 1697 2949 talem
1751 2871 1842 2953 ad
1881 2869 2335 2973 suppuratio-

170 2998 348 3055 nem
396 2972 614 3052 ducit.
724 2979 895 3050 coac.
925 2995 1096 3067 422.

282 3102 931 3169 SUPPURATIONJS
982 3104 1103 3177 iam
1141 3098 1452 3165 FACTA:

81 3212 316 3299 Febris
358 3234 515 3290 non
570 3209 972 3293 dimittens,
1048 3204 1363 3284 interdiu
1412 3205 1680 3296 levior,
1730 3201 1951 3281 notin
2001 3200 2329 3317 gravior,-

170 3312 466 3391 sudores
505 3308 713 3387 multi
748 3366 769 3397 ,
818 3305 1028 3386 tuffes
1070 3362 1096 3394 ,
1149 3304 1410 3405 absque
1469 3304 1679 3406 sputo
1721 3301 2070 3391 notabili,
2131 3299 2331 3416 oculi

170 3415 377 3499 cavi,
430 3410 635 3488 malae
679 3410 1014 3486 rubentes
1050 3456 1070 3486 ,
1121 3428 1409 3503 ungues
1462 3406 1763 3483 adunci,
1817 3403 2022 3499 digiti
2070 3399 2332 3478 summi

82 3586 85 3593 .
168 3510 669 3591 incalescentes
694 3565 716 3598 ,
767 3511 842 3585 in
903 3506 1204 3608 pedibus
1256 3520 1621 3596 tumoreS,
1673 3505 2002 3582 ciborum
2041 3504 2337 3601 inappe-

82 3674 85 3683 .
172 3613 397 3689 tentia
438 3666 460 3699 ,
541 3608 837 3710 pustulae
885 3621 1051 3689 toto
1116 3628 1426 3707 corpore
1479 3617 1765 3684 exortae.
1869 3612 2129 3679 Praenot.
2172 3618 2328 3685 105.

188 3720 363 3789 Coae.
390 3731 560 3805 402.

81 3810 631 3918 Suppurationis
644 3811 931 3905 initium
965 3805 1145 3911 fore,
1184 3808 1459 4000 τεὸἰοὲιε
1476 3801 2088 3909 comprehendere
2118 3816 2337 3975 0225:-
