2644 4428
279 32 437 109 29⁴
1326 4 1525 89 Um.

399 158 504 224 AD
557 154 1025 225 PROGNOSIN.

499 252 722 317 Meu
722 253 866 320 ORI
863 252 904 314 S
957 249 1234 314 NOTAE.

279 338 575 443 Quibus'
609 344 690 423 in
728 344 953 423 urinis
980 338 1128 421 cito
1159 336 1451 446 aliquid
1476 339 1838 435 subridet.
1892 341 1982 423 lu·
2028 340 2242 421 brevi
2272 341 2534 446 judint-

383 462 522 525 tut.
631 452 806 523 coac.
845 456 1008 538 598,
1111 444 1268 540 Apb.
1305 450 1417 521 IV.
1444 457 1563 536 69.

279 544 514 627 Urina
553 548 833 646 optima
885 544 982 623 est
1007 599 1030 632 ,
1105 544 1183 621 in
1233 567 1376 648 qua
1419 567 1550 645 per
1625 566 1858 622 omne
1904 557 2214 646 tempus
2242 602 2267 633 ‚
2342 542 2533 648 quoad

382 650 688 727 morbus
739 644 1094 745 judicatus
1138 644 1357 723 fuerit
1394 693 1419 724 ,
1484 640 1797 723 subfidet
1854 646 2113 723 album
2146 696 2172 726 2
2228 645 2405 725 laeve
2428 704 2451 735 ‚
2489 646 2534 733 ἀ

381 747 677 848 aequale.
775 743 1242 823 Securitatem
1267 744 1461 823 enim
1478 800 1503 835 ,
1546 745 2001 848 brevemque
2032 746 2395 827 morbum
2417 746 2536 825 fore

381 844 738 947 fignificat.
841 853 1100 922 Praenot.
1127 870 1242 937 70.

283 947 386 1033 At
426 950 628 1025 urina
670 943 1053 1033 subrubra,
1109 942 1476 1048 simileque
1528 942 1736 1046 quod
1788 941 2145 1025 subsidet,
2201 946 2286 1024 δε
2338 944 2536 1029 laeve,

384 1046 537 1124 haec
580 1044 808 1145 longe
896 1047 1140 1123 uidem
1181 1045 1635 1134 diuturnior,
1692 1066 1917 1146 quam
1956 1049 2201 1147 prima
2232 1044 2365 1135 fit,
2424 1045 2542 1130 val·
2580 1058 2586 1103 ¹

377 1146 471 1224 de
513 1161 757 1224 tamen
802 1068 1125 1222 saffutaris.
1231 1155 1491 1223 Praenot.
1523 1168 1643 1240 72.

285 1242 517 1324 Urina
576 1247 654 1324 in
701 1246 896 1323 febre
939 1245 1182 1324 album
1228 1246 1304 1325 St.
1355 1247 1529 1324 laeve
1584 1243 1993 1342 depolitum
2038 1246 2328 1324 habms
2385 1243 2545 1323 sedi·

386 1360 718 1424 mentum
748 1395 769 1427 ‚
821 1344 1127 1423 celerem
1157 1344 1650 1424 liberationem
1702 1346 2113 1425 denunciat.
2214 1345 2543 1445 'Celerem

378 1469 679 1547 quoque
705 1501 728 1534 ,
780 1469 942 1547 quae
978 1443 1202 1524 diluta
1243 1446 1689 1526 indiscretam
1723 1445 1941 1525 habet
1988 1445 2538 1551 pinguedinem.

393 1554 569 1623 Coae.
750 1603 769 1621 .

278 1643 474 1740 Quae
515 1567 1036 1747 anzssnmlum
1095 1644 1304 1725 rubet
1327 1702 1351 1735 ,
1434 1644 1863 1725 subrubrum
1910 1643 2133 1723 habet
2202 1645 2544 1725 sedimen-

382 1760 540 1824 tum
564 1803 587 1834 ,
642 1749 718 1823 δε
772 1748 949 1825 laeve
981 1801 1003 1835 ‚
1055 1742 1402 1847 fiquidem
1442 1759 1607 1826 ante
1650 1768 1719 1839 7.
1774 1745 1966 1824 diem
2018 1768 2375 1849 apparent
2411 1806 2436 1837 ‚
2481 1768 2541 1838 7.

379 1847 499 1924 die
526 1844 957 1925 solutionem
1004 1846 1162 1924 fote
1207 1844 1580 1946 defignat:
1631 1846 1794 1947 post
1826 1872 1894 1941 7.
1934 1864 2226 1937 autem,
2292 1846 2547 1927 tardio-

380 1968 580 2032 rem,
632 1960 757 2024 aut
853 1946 1009 2022 lane
1049 1946 1480 2025 diuturnam.
1590 1957 1767 2029 coac.
1810 1967 1971 2042 575.

281 2043 474 2140 Quae
519 2066 589 2139 4.
634 2045 751 2123 die
820 2047 1207 2124 ubrubram
1250 2048 1681 2127 nubeculam
1723 2051 1911 2149 oepit
1931 2092 1955 2129 2
2004 2066 2079 2138 7.
2116 2044 2249 2126 die
2281 2048 2541 2134 liberat,

388 2145 567 2224 dum
614 2145 885 2249 reliqua
922 2170 1058 2247 pro
1095 2146 1376 2226 ratione
1420 2147 1739 2228 habeant.
1851 2154 2021 2225 Coae.
2064 2166 2241 2242 575.

278 2259 705 2344 Febricitare
747 2260 1249 2358 incipientibus
1271 2319 1295 2352 ,
1347 2257 1707 2360 sanguinis
1740 2259 2149 2338 ffiuationes
2176 2284 2361 2337 cum
2400 2261 2548 2339 ster-

384 2363 759 2440 nutatione
808 2358 1223 2438 accedentes
1247 2412 1272 2441 ‚
1352 2363 1427 2437 Sc
1483 2361 1685 2458 quod
1735 2363 1814 2436 in
1865 2359 2069 2438 urina
2124 2359 2418 2439 defidet
2467 2361 2547 2438 al-

379 2464 560 2539 bum
602 2515 625 2549 ,
707 2484 778 2558 4.
840 2460 957 2537 die
1000 2458 1226 2538 visum
1254 2518 1278 2550 ,
1355 2484 1425 2557 7.
1482 2462 1914 2540 solutionem
1975 2457 2206 2537 affore
2262 2461 2550 2541 denun-

378 2565 588 2640 ciant.
697 2571 877 2637 Coac.
912 2583 1074 2656 149.

281 2658 532 2741 Vefica
564 2664 870 2760 grauiter
918 2661 1316 2738 laborantes
1343 2713 1366 2745 ,
1418 2672 1618 2735 metu
1656 2659 1909 2737 liberat
1952 2661 2162 2737 urina
2204 2661 2556 2760 purulen-

380 2777 451 2840 ta
486 2760 921 2862 procedcnS,
979 2762 1055 2837 in
1109 2783 1254 2862 qua
1294 2757 1586 2849 album,
1639 2760 1911 2838 &laeve
1962 2758 2309 2840 subsidet.
2385 2769 2585 2840 caan

376 2885 949 3038 wgknffloffls
1007 2972 1278 3036 NOTAE.

274 3065 354 3145 Si
400 3068 604 3145 urina
651 3065 1117 3141 intermittat,
1187 3062 1262 3138 δι
1305 3062 1671 3140 interdum
1732 3064 2026 3165 quidem
2138 3088 2272 3143 ura
2338 3068 2556 3165 meja-

376 3181 495 3243 tur
521 3224 545 3257 ‚
593 3161 957 3242 interdum
1009 3165 1225 3242 etiam
1273 3160 1616 3242 subfideat
1668 3164 1913 3242 album
1964 3168 2039 3242 δε
2115 3189 2270 3243 aeve
2292 3222 2319 3251 ,
2392 3168 2554 3244 diu·

372 3269 709 3353 turnior.
775 3263 851 3342 δι
891 3265 1134 3339 minus
1164 3260 1449 3340 securus
1475 3264 1770 3342 morbus
1806 3263 2059 3344 evadit.
2128 3276 2392 3341 Prmt.
2420 3289 2550 3361 71.
2584 3273 2585 3358 ζ

271 3363 685 3444 Sedimenta
725 3366 803 3441 in
846 3366 1073 3440 urinis
1114 3412 1135 3441 ‚
1188 3360 1544 3440 craffiores
1593 3362 1845 3442 hordei
1886 3365 2053 3444 tosti
2099 3388 2246 3442 non
2295 3364 2551 3444 exaffl
2584 3373 2585 3424 ³

375 3466 614 3542 moliti
662 3477 895 3564 partes
945 3461 1314 3540 referentia
1335 3519 1357 3551 ‚
1409 3486 1623 3579 prava
1673 3463 1876 3552 sunt3
1927 3465 2175 3565 hisque
2232 3468 2543 3566 pejora,
2584 3549 2585 3554 a

373 3567 655 3642 laminis
698 3562 966 3640 fimilia.
1076 3561 1256 3640 Alba
1289 3586 1508 3644 vero,
1564 3564 1639 3639 δι
1684 3563 1969 3646 tenuia,
2022 3563 2222 3643 valde
2278 3585 2541 3670 prava:
2584 3643 2585 3648 Ν

373 3679 590 3765 atque
631 3664 740 3739 his
780 3665 992 3739 etiam
1028 3662 1424 3752 deteriora,
1475 3663 1893 3743 furfuracea.
1986 3674 2263 3746 stator.
2299 3693 2424 3766 73.

274 3762 570 3860 Quibus
611 3763 1174 3845 febricitantibus
1198 3822 1221 3855 ,
1274 3767 1352 3843 in
1404 3766 1623 3845 urinis
1670 3762 2109 3848 subfidentiae
2132 3766 2345 3850 ‘fiunt
2384 3763 2540 3947 cirins·

2470 3890 2542 3947 ο.

2560 4207 2586 4391 j
