2644 4428
1002 0 1214 110 ‚PER-
2096 40 2246 118 1¹29,
2517 19 2518 54 ³

184 160 486 234 NOTJ
520 162 1088 234 comrANTES.

109 276 211 353 ris
263 291 489 359 acuta
508 337 532 368 ,
588 278 871 377 spiratio
907 279 1246 380 frequens
1284 279 1362 355 δε
1403 275 1662 368 calida,
1711 281 2064 372 anxietas,
2105 281 2243 361 im-

110 380 420 459 otentia
446 437 470 468 ,
513 379 792 479 indatio
827 439 853 470 ,
931 377 1150 460 dolor
1185 378 1313 457 sub
1353 377 1707 479 scapulas,
1760 380 1833 457 δι
1883 380 1975 458 ad
2033 383 2243 466 clavi,-

109 477 321 554 ulam
357 536 384 569 ,
433 478 509 556 St
542 479 632 559 ad
663 504 1093 570 mammam,
1155 481 1456 580 gravitas
1495 483 1571 556 in
1619 476 1908 579 pectore
1941 538 1964 569 ,
2014 505 2241 583 quan..

114 599 339 756 32³2
377 581 628 757 dm
658 581 1031 759 melfiae·
1136 579 2252 762 Qvtmaewenmn·

109 737 114 747 .
292 733 319 766 ,
431 703 621 761 onec
815 704 892 760 re
938 703 1299 782 mcepenn
1672 706 1742 768 or
1780 736 1797 757 .
1936 737 1955 756 .
2161 739 2181 759 .

110 832 128 849 .
156 778 257 850 ad
278 804 405 858 10.

109 875 478 958 ›ulmonis
516 876 1190 960 inflammationibus
1215 931 1238 961 2
1289 876 1343 955 fi
1377 877 1625 981 lingua
1674 891 1825 958 tota
1865 879 2018 961 alba
2060 881 2183 962 fiat
2206 941 2230 973 .

109 998 147 1052 c
189 975 495 1076 aspera,
546 981 774 1058 ambae
819 979 1185 1080 pulmonis
1231 993 1463 1079 partes
1507 978 2070 1061 inflammatione
2113 1009 2233 1062 ve-

110 1093 386 1156 antur:
440 1081 703 1184 quibus
755 1076 928 1160 vero
982 1077 1344 1159 dimidiata
1387 1080 1633 1177 lingua
1659 1136 1682 1167 ,
1735 1104 1873 1180 qua
1912 1101 2115 1181 parte
2153 1083 2233 1163 id

109 1194 375 1274 pparet
400 1229 424 1260 .
477 1177 947 1258 inflammatio
993 1179 1264 1281 affligit.
1374 1190 1555 1258 Coae.
1584 1200 1761 1272 400,

109 1289 266 1366 ibus
319 1289 418 1369 ad
474 1316 695 1371 unam
737 1292 1151 1372 claviculam
1198 1294 1420 1372 dolor
1465 1291 1654 1372 subit
1685 1348 1709 1381 ,
1783 1294 1872 1370 iis
1924 1311 2068 1371 una
2113 1293 2226 1374 su-

109 1390 326 1466 verior
368 1393 742 1491 pulmonis
790 1394 897 1471 ala
940 1394 1251 1472 laborat:
1384 1395 1590 1470 uibus
1643 1416 1815 1471 vero
1855 1395 1945 1470 ad
1979 1397 2227 1473 ambas

109 1487 458 1568 laviculas
489 1491 705 1572 dolor
748 1493 1195 1574 extenditur,
1245 1518 1363 1571 am
1509 1490 1900 1595 superiores
1936 1492 2228 1591 pulmo-
2380 1513 2394 1525 ·

109 1589 181 1664 tis
221 1589 352 1666 alae
404 1590 768 1672 laborant:
820 1593 1080 1694 quibus
1120 1592 1215 1671 ad
1262 1592 1570 1672 mediam
1606 1593 1871 1671 costam
1895 1648 1918 1677 ,
1967 1593 2223 1671 media:

123 1688 346 1767 uibus
392 1688 569 1771 vero
602 1741 623 1774 ‚
699 1694 793 1770 ad
903 1717 1068 1771 uam
1173 1708 1396 1770 artem
1455 1692 1712 1792 pulmo
1762 1693 2171 1770 extenditur
2198 1750 2225 1784 .

128 1787 299 1867 olor
349 1807 713 1891 permeat.
762 1795 789 1870 i
870 1816 1035 1871 erna
1237 1792 1553 1870 laborat:
1618 1790 1878 1890 quibus
1922 1814 2066 1866 una
2108 1795 2224 1868 t04

108 1909 145 1964 a
182 1911 345 1988 pars
386 1890 662 1971 laborat
683 1949 705 1982 ,
756 1916 916 1994 quae
956 1894 1026 1971 ei
1060 1894 1245 1994 parti
1286 1889 1725 1993 respondent
1759 1947 1785 1978 ,
1842 1896 2088 1968 omnin
2134 1912 2225 1969 κ-

109 2002 392 2084 {rotant
503 2002 698 2071 cm..
726 2017 894 2088 400.

124 2086 462 2187 suspensa:
519 2095 859 2194 utrinque
913 2093 1281 2193 pulmonis
1333 2104 1613 2193 partes,
1693 2100 1909 2166 aortae
1967 2087 2224 2183 (1ίᾶκρ

110 2203 271 2266 anta
306 2190 869 2273 inflammatione
897 2205 1266 2271 tententur
1286 2249 1309 2278 ,
1361 2204 1444 2272 ut
1467 2190 1556 2269 ad
1587 2190 1766 2269 latus
1800 2188 2225 2282 adhaereanu

110 2288 202 2365 lla
253 2296 580 2392 corporis
635 2308 836 2394 parte
878 2292 1389 2371 resolutionem
1434 2292 1789 2377 sentiunt,
1841 2289 1914 2365 &
1965 2289 2059 2367 ad
2094 2314 2226 2367 co-

111 2388 257 2465 lam
291 2391 557 2470 livores
601 2392 771 2470 foris
802 2391 1027 2482 fiunt,
1082 2415 1271 2493 quos
1314 2406 1583 2470 veteres
1626 2390 1841 2478 ictos,
1892 2405 2015 2467 aut
2047 2387 2228 2467 fide-

111 2510 167 2566 re
205 2489 559 2589 percussos
586 2494 953 2572 vocabant.
1059 2490 1290 2587 Quod
1337 2490 1384 2568 fi
1414 2503 1606 2568 tanta
1634 2512 1792 2567 non
1824 2487 1919 2566 est
1949 2486 2232 2566 inflam-

113 2590 354 2678 nado,
402 2606 486 2670 ut
518 2592 963 2680 admei-eant,
1016 2591 1236 2670 dolor
1267 2592 1565 2691 quidem
1607 2602 1847 2669 totum
1887 2599 2222 2690 occupat,

113 2712 323 2788 neque
350 2704 588 2769 tamen
617 2692 1121 2773 resolutionem
1145 2690 1489 2782 sentiunt,
1554 2712 1794 2791 neque
1817 2686 2076 2769 livores
2098 2687 2225 2770 hn-

113 2802 276 2866 ›ent
383 2798 558 2874 coac.
586 2818 756 2889 400.

132 2888 489 2989 pulmonis
522 2891 1030 2993 suppuratione
1055 2948 1077 2981 ,
1130 2887 1493 2967 interdum
1527 2888 1713 2966 circa
1739 2897 2061 2965 ventrem
2090 2886 2224 2965 do-

115 2990 279 3066 lores
302 3046 324 3077 ‚
379 3014 463 3070 ac
511 2990 920 3071 claviculam
945 3048 969 3080 ‚
1026 2993 1101 3069 δι
1159 3014 1328 3069 cum
1368 2989 1842 3066 incontinenti
1894 2987 2223 3084 corporis

116 3088 450 3170 inflatione
490 3092 1003 3193 aliquantulum
1039 3091 1365 3180 stertere.
1417 3087 1606 3192 sputi
1635 3088 1925 3189 copiam
1954 3086 2035 3163 in
2056 3084 2223 3188 pul,

115 3211 307 3268 none
342 3191 673 3273 indicant.
778 3201 956 3269 (ἶσαι.
994 3202 1107 3279 18·

125 3331 217 3396 AD
256 3329 625 3397 PROGNOSl
634 3332 688 3396 N
690 3378 706 3396 .

2147 3270 2202 3305 d

224 3437 466 3503 NOTAE
514 3435 1026 3500 SALUTARES:

119 3550 230 3630 :ile
253 3553 573 3631 morbum
601 3548 931 3626 sustinere
949 3604 971 3635 ‚
1008 3544 1266 3624 dolore
1291 3540 1592 3642 defungi
1615 3599 1637 3632 ,
1669 3538 1952 3641 sputum
1980 3554 2225 3637 prom-

119 3670 180 3729 te
214 3676 504 3753 expuere
528 3708 552 3740 .
605 3649 811 3727 facile
850 3647 1147 3746 spirare,
1200 3644 1305 3723 fiti
1329 3667 1633 3721 vacuum
1661 3636 1834 3728 effe,
1868 3638 1992 3716 reli
2051 3654 2228 3711 uum

119 3775 359 3857 corpus
403 3751 759 3854 aequaliter
798 3745 1212 3827 incalescere
1237 3795 1260 3827 .
1309 3767 1394 3823 ac
1428 3742 1652 3824 molle
1676 3736 1831 3823 effe.
1932 3737 1995 3814 A
2074 3734 2228 3808 haec

562 3880 573 3889 ·
1124 3840 1205 3927 N
1250 3867 1303 3943 4
1878 3832 2168 3916 somnos
2187 3856 2223 3912 ··
