2644 4428
212 0 472 209 sszs
1199 40 1547 128 ‘mmm

222 200 229 212 ⁸
369 205 798 314 espiriosam
844 196 1204 308 quandam
1239 200 1690 282 affectionem
1732 196 2021 280 indicet.
2121 196 2214 283 In
2238 203 2361 283 liis
2388 220 2519 281 eer-

239 338 250 351 ·
353 306 1177 501 ἓξὲἓῗιῗξῖιεηάυω
1219 306 1318 382 est
1339 359 1362 395 ,
1426 326 1606 382 num
1647 302 2037 405 derepente
2070 300 2519 385 moriantur?

397 553 647 620 Auum
689 544 1031 614 moRBUM
1073 543 1604 613 PORTFNDENS.

433 654 598 719 cON
601 656 653 715 V
658 644 1089 714 ULSIONEM.

252 754 705 842 Lumborum
730 751 800 825 δι
839 752 985 826 oris
1029 746 1404 826 ventriculi
1448 746 1709 836 dolor,
1760 773 1931 829 cum
1970 747 2150 829 forti
2197 741 2525 832 seratio-

275 850 284 861 ’
353 884 486 947 ne,
536 846 1074 933 convulsionem
1099 849 1650 950 quodammodo
1672 849 2055 954 suspectam
2075 853 2269 931 facit.
2332 864 2508 932 cm.

360 981 1240 1142 ”immam

254 1184 541 1283 Quibus
604 1182 1024 1260 lumborum
1077 1178 1295 1256 dolor
1350 1178 1425 1253 in
1461 1190 1677 1278 caput
1715 1180 2066 1261 recursat,
2119 1179 2195 1256 az
2255 1204 2521 1258 manne

353 1303 652 1386 torpore
684 1280 940 1359 affeciae
961 1336 981 1365 ,
1033 1301 1118 1356 ac
1159 1278 1303 1355 oris
1361 1279 1736 1356 ventriculi
1785 1281 2116 1359 dolorem
2167 1279 2521 1371 sentiunt,

346 1402 470 1464 aut
514 1386 791 1463 aurium
845 1379 1117 1457 sonitus
1156 1435 1179 1468 ,
1231 1379 1282 1454 ii
1317 1376 1695 1457 liberaliter
1736 1379 2156 1480 sanguinem
2215 1382 2525 1482 profun-

349 1488 551 1565 dunt.
660 1492 843 1556 Coae.
884 1494 1045 1574 308.
1593 1482 1603 1493 ’

439 1604 1161 1675 ΗΕΜΟΚΚΗΟῙΒΕΚ.

249 1711 690 1796 Dolentibus
736 1711 998 1789 lumbis
1026 1766 1047 1797 ,
1130 1705 1179 1783 fi
1216 1709 1365 1785 oris
1412 1709 1790 1787 ventriculi
1836 1707 2054 1785 dolor
2108 1710 2529 1805 accesserit,

269 1818 280 1827 '
341 1818 599 1892 futurae
627 1837 752 1913 per
788 1807 1351 1887 haemorrhoidas
1402 1812 1842 1888 vacuationis
1870 1808 2156 1906 fignum
2192 1813 2341 1908 est;
2402 1834 2539 1895 aue

342 1920 557 1994 etiam
605 1936 761 1991 eam
798 1905 1197 2011 praeceffiffe
1231 1905 1593 2008 fignificat.
1704 1919 1889 1986 Coae.
1922 1929 2089 1999 312.

367 2044 486 2111 AD·
520 2043 983 2109 THERAPMM.

242 2148 422 2231 Non
470 2149 936 2231 febricitanti,
990 2148 1346 2249 appetitui
1390 2146 1700 2241 dejectus
1728 2200 1753 2231 ,
1823 2149 1901 2228 ἃς
1940 2153 2091 2229 oris
2132 2160 2526 2240 ventriculi

342 2247 621 2328 morsus
647 2299 669 2330 ‚
708 2251 783 2326 ἃ
816 2249 1249 2326 tenebricosa
1273 2253 1549 2348 vertigo
1569 2300 1589 2329 ‚
1628 2252 1704 2327 Sc
1732 2274 1819 2328 os
1841 2254 2319 2347 amarescens,
2373 2263 2523 2340 sur..

346 2353 500 2428 sum
544 2363 898 2448 purgante
933 2373 1123 2450 opus
1157 2347 1293 2426 effe
1319 2406 1342 2437 ,
1393 2350 1680 2427 indicat.
1782 2353 1944 2445 Apb.
1991 2364 2102 2430 IV.
2140 2380 2250 2452 17.

243 2450 462 2547 Quos
503 2450 926 2550 derepente,
980 2452 1248 2549 absque
1285 2449 1520 2540 febre,
1575 2452 2178 2550 praecordiorum,
2214 2472 2339 2536 ant
2363 2463 2521 2539 σείς

338 2551 713 2628 ventriculi
757 2549 1011 2636 dolor,
1064 2562 1188 2627 aut
1218 2565 1515 2628 cru'rum
1546 2605 1570 2639 ,
1621 2550 2149 2631 &inferiorum
2186 2562 2517 2657 partium

353 2649 611 2746 affligit
635 2706 655 2738 ,
739 2652 1081 2749 alvusque
1140 2648 1594 2739 intumescit,
1674 2650 2084 2732 venaesedzio
2111 2715 2135 2746 ,
2207 2674 2335 2737 aut
2368 2663 2515 2740 alvi

335 2749 574 2827 fluxus
610 2749 1044 2828 solutionem
1080 2750 1330 2828 adfert.
1446 2758 1618 2829 coac.
1648 2767 1822 2848 294.

257 2902 1060 3029 VENTUS'

235 3079 460 3160 Venti
496 3103 591 3158 ex
629 3080 805 3156 mari
845 3081 920 3155 in
959 3078 1293 3177 regiones
1325 3077 1684 3160 illabentes
1705 3137 1729 3171 ,
1781 3078 2107 3163 sicciores
2150 3087 2523 3187 quodam·

341 3181 570 3257 modo
608 3177 782 3256 sunt.
891 3185 992 3252 De
1023 3186 1211 3255 Diaet.
1241 3183 1324 3256 ΙΙ.
1366 3189 1467 3256 VI.
1502 3200 1565 3256 2.

234 3280 392 3377 Qui
417 3279 458 3356 a
504 3283 700 3359 nive.
755 3293 875 3356 aut
900 3278 1164 3379 glacie,
1211 3291 1335 3356 aut
1362 3280 1618 3380 stagnis
1646 3339 1673 3384 ἓ
1699 3296 1821 3360 aut
1840 3281 2291 3374 fluminibus,
2327 3310 2529 3387 pro-

338 3383 608 3458 cedunt
627 3432 645 3460 ‚
678 3403 931 3458 onmes
963 3379 1373 3456 humestant
1396 3383 1466 3457 &
1493 3379 1949 3479 frigefaciunt
1970 3439 1993 3471 ,
2021 3400 2167 3462 tum
2196 3385 2519 3484 plantas,

251 3501 262 3510 ·
345 3496 504 3558 tum
535 3481 910 3556 animantia
934 3534 954 3566 ‚
992 3480 1064 3554 ἃ
1092 3479 1448 3557 sanitatem
1478 3486 1905 3580 corporibus
1934 3486 2271 3565 exhibent
2300 3545 2330 3579 ,
2388 3496 2535 3594 qui

338 3605 496 3658 non
533 3579 912 3677 frigiditate
952 3578 1159 3676 super
1218 3580 1597 3658 excellunt.
1709 3585 1863 3659 ibid.
1894 3605 1956 3679 4.
1997 3607 2053 3671 ς.
2091 3596 2155 3660 6.

225 3681 387 3778 Qgii
463 3704 554 3756 ex
607 3695 787 3756 terra
835 3680 1227 3767 accedunt,
1304 3704 1430 3756 eos
1476 3679 1746 3758 neoeffe
1792 3685 1889 3758 est
1936 3684 2266 3767 ficciores
2310 3691 2454 3772 effe
2497 3758 2523 3791 ,

332 3797 486 3860 tum
518 3779 559 3858 a
593 3778 790 3868 sole,
840 3793 997 3856 tum
1043 3778 1082 3855 a
1125 3783 1304 3857 terra
1343 3778 1736 3860 reficcatos.
1848 3785 2008 3861 Ibid.
2054 3810 2169 3868 12.
2208 3816 2327 3888 13.

2352 3913 2523 4010 Qui
