2644 4428
530 40 609 115 In
632 31 854 128 injur.-
883 36 1092 130 ‘5pr
1139 29 1365 113 necat.
1405 38 1631 134 Zving.
1675 32 1913 113 ml·
2261 54 2298 120 1
2316 56 2353 117 1

195 176 433 261 Usum
489 181 667 261 vero
717 180 1264 280 pharmacorum
1313 174 1683 255 salutarem
1713 232 1739 267 ,
1802 165 1969 262 ἄκος
2028 162 2312 279 φέροντα
2329 232 2363 270 ,

116 286 305 380 jurat.
435 279 596 378 Qui
645 279 923 383 philtris
969 277 1274 356 aliorum
1322 276 1744 380 pudicitiam
1773 334 1796 366 ,
1876 279 2005 375 qui
2049 280 2362 359 medica·

117 396 528 462 mentorum
577 381 708 459 vel·
744 377 1203 465 multitudine
1227 433 1254 468 ,
1301 379 1421 457 vel
1453 378 2081 478 procrastinatione
2129 403 2362 481 aegro-

118 502 263 561 rum
296 505 490 585 opes
533 496 889 565 venantur
907 536 932 568 ,
983 490 1069 557 ut
1105 478 1343 572 injurii
1384 476 1546 557 sunt
1574 488 1743 577 er'ga
1780 479 1999 566 alios,
2051 479 2148 561 ita
2174 481 2362 559 mul-

117 595 194 666 to
234 585 476 682 magis
524 606 605 660 er
734 580 805 661 se
852 577 1084 680 ipsos,
1136 574 1371 655 amissa
1424 579 1876 667 innocentia,
1934 578 2021 654 &a
2054 579 2365 674 justitia.

121 683 368 783 quibus
402 682 574 761 solis
601 605 985 761 {amado
1009 677 1324 758 humana
1350 678 1663 758 fulcitur.
1763 677 2128 758 Promittit
2152 704 2230 758 er
2283 704 2364 771 o.

195 806 248 860 o
287 783 484 861 virili
524 782 689 869 sua,
742 782 818 859 &
854 780 957 863 sui
995 775 1239 878 ipfius,
1290 778 1369 855 δι
1399 780 1565 857 artis
1605 778 1741 858 suae
1766 780 2118 858 rationem
2148 779 2219 858 se

187 897 482 971 mrum:
533 882 799 977 αἰγνίὸς,
850 894 932 959 ut
960 878 1181 957 semet
1213 878 1445 978 ipsum
1483 878 1798 968 castum,
1846 892 1923 969 at,
1970 903 2061 958 ue
2100 904 2369 998 purum

117 982 518 1072 oonservet,
573 983 660 1060 ab
690 982 895 1065 omni
947 1002 1097 1058 non
1143 978 1375 1057 modo
1421 982 1798 1079 corporis,
1849 978 1891 1056 s
2017 982 2093 1058 δι
2141 980 2371 1060 ammi
2494 1004 2501 1013 ·

123 1079 453 1165 libidine:
511 1091 601 1159 N.
635 1104 753 1171 25·
814 1080 1036 1168 ὁσία,
1088 1102 1183 1156 ne
1205 1101 1426 1178 quem
1455 1081 1624 1159 artis
1649 1078 1785 1161 suae
1818 1082 2158 1181 operibus
2181 1104 2369 1184 quo-

122 1186 641 1284 modocunque
681 1180 905 1263 laedat.
1007 1187 1101 1263 N.
1149 1194 1266 1263 26.
1324 1220 1331 1227 -

209 1358 403 1457 Quae
446 1377 690 1442 autem
721 1359 1020 1439 sanitatis
1063 1359 1346 1439 tuendae
1367 1411 1387 1442 ,
1445 1362 1555 1439 vel
1600 1359 2103 1465 recuperandae
2144 1357 2373 1461 praefi-

125 1460 230 1537 dia
257 1517 280 1549 ,
347 1467 449 1541 ita
497 1467 577 1540 iu
618 1484 886 1562 corpus
937 1473 1211 1559 agunt,
1261 1472 1346 1536 ut
1392 1461 1480 1538 ab
1530 1484 1623 1539 eo
1673 1461 1960 1540 viciffim
2001 1484 2159 1539 non
2194 1464 2376 1562 pati-

125 1574 322 1639 antur
339 1619 364 1653 ‚
417 1591 652 1662 organa
695 1564 1038 1661 chirmgica
1083 1559 1445 1638 dicuntur.
1571 1556 1859 1641 Horum
1907 1559 2070 1647 usus
2126 1560 2375 1647 multi-

127 1660 285 1759 plex
312 1663 458 1751 est,
512 1661 631 1740 sed
673 1662 851 1741 alius
883 1659 1177 1741 medicis
1216 1674 1392 1738 tunc
1427 1662 1775 1762 temporis
1812 1657 2219 1762 permissus,
2257 1659 2377 1757 iis-

128 1758 291 1855 dem
320 1818 347 1852 ,
433 1763 700 1865 quibus
754 1763 993 1862 priora
1042 1760 1194 1838 duo
1240 1760 1707 1840 instrumenta
1741 1809 1767 1843 ,
1832 1760 2376 1843 conditionibus

130 1861 838 1942 circumscribendos:
888 1861 1064 1939 alius
1105 1883 1260 1939 non
1300 1858 1709 1961 permissus„
1764 1862 1787 1937 i
1843 1860 1906 1939 sa
1950 1859 2206 1965 scilicet
2236 1859 2378 1939 cal-

132 1959 449 2042 culorum
507 1960 747 2041 νεῦσε
799 1960 1027 2040 sefflo.
1130 1960 1375 2055 Quam
1418 1960 1715 2062 quidem
1853 1959 2096 2065 edicus
2141 1958 2377 2043 Ascle-

129 2061 416 2159 piadeos
455 2062 611 2141 aliis
648 2061 797 2140 hoc
832 2061 1065 2165 ipsum
1115 2084 1208 2138 ex
1257 2057 1569 2165 professo
1622 2063 1996 2162 agentibus
2038 2063 2378 2141 commit·

133 2158 252 2255 tit;
303 2170 399 2242 N.
443 2175 566 2252 28·
637 2161 929 2263 ipsemet
973 2174 1210 2240 autem
1260 2184 1413 2239 nou
1468 2160 1881 2262 aggreditur
1908 2219 1934 2254 ‚
1982 2175 2066 2240 ut
2099 2163 2379 2259 pericu-

132 2257 338 2339 loiam
391 2263 833 2350 admodum,
885 2263 959 2338 &
988 2260 1029 2340 ὲ
1070 2259 1330 2341 scholae
1363 2260 1501 2339 suae
1539 2261 1859 2340 instituto
1901 2261 2252 2347 alienam,
2301 2259 2379 2338 &

133 2355 327 2439 servis
360 2365 611 2465 potius
642 2419 666 2451 ,
717 2386 933 2481 quam
972 2363 1208 2440 liberis
1267 2359 1685 2439 hominibus
1754 2360 2068 2461 diguam.
2118 2368 2216 2439 N.
2251 2380 2372 2456 27.

135 2458 354 2555 Quod
400 2462 640 2566 ipsum
696 2487 847 2555 enus
916 2463 1135 2541 aetatis
1195 2460 1695 2540 consuetudini
1757 2461 2061 2539 debetur
2103 2515 2128 2550 ,
2205 2484 2381 2539 cum

135 2555 379 2640 Pmo
433 2584 739 2663 quoque
777 2560 905 2640 suo
937 2575 1264 2660 tempore
1289 2617 1312 2650 ,
1346 2564 1470 2639 -uti
1520 2558 1739 2661 paulo
1795 2576 1957 2639 ante
2000 2561 2315 2639 diximus
2348 2617 2375 2650 ,

139 2662 586 2740 medicorum
658 2664 837 2739 alios
897 2662 1160 2739 liberos
1185 2716 1208 2749 ,
1291 2660 1467 2738 alios
1535 2659 1769 2739 servos
1818 2659 2017 2739 fuiffe
2067 2661 2371 2740 testetur.

140 2755 491 2841 Medicina
537 2783 680 2841 uua
740 2759 1134 2862 eademque
1185 2759 1283 2837 est
1305 2818 1326 2847 ,
1376 2758 1426 2836 fi
1478 2760 1829 2838 theoriam
1883 2760 2194 2862 species:
2273 2759 2382 2838 siu

139 2864 420 2956 praxin,
476 2863 557 2937 in
586 2864 799 2937 varias
840 2860 1121 2954 diducta
1163 2859 1511 2939 artificum
1536 2859 1958 2950 functiones.
2042 2859 2382 2956 Quarum

137 2960 385 3038 utalia
415 2960 574 3039 aliis
616 2964 843 3059 magis
869 3014 891 3049 ,
941 2961 1057 3038 vel
1110 2961 1347 3039 minus
1378 2960 1787 3057 frequentes
1811 3016 1833 3051 ,
1882 2974 2005 3040 aut
2031 2959 2385 3062 quaestuo-

142 3054 220 3134 fir
258 3062 568 3139 existunt
595 3117 619 3148 ‚
671 3064 764 3137 ita
811 3057 1041 3138 modo
1076 3060 1313 3159 plures
1338 3103 1391 3149 ,·-
1416 3060 1645 3137 modo
1687 3063 2058 3160 pauciores
2087 3112 2109 3146 ,
2148 3056 2382 3141 modo

145 3152 419 3335 Ψ
440 3210 462 3241 ,
543 3161 754 3238 unius
806 3156 1089 3237 artificis
1148 3182 1316 3237 cura
1372 3160 1557 3237 obiri
1604 3156 1912 3260 poss'unt.
2013 3158 2096 3238 ln
2145 3180 2384 3277 popu-

338 3261 640 3338 urbibus
666 3259 828 3338 sunt
873 3261 1002 3361 qui
1039 3257 1268 3336 febres
1304 3256 1479 3337 solus
1504 3315 1525 3347 ‚
1567 3261 1694 3360 qui
1725 3258 1990 3347 ulcera,
2095 3284 2170 3337 ui
2204 3282 2385 3338 ocu.

149 3353 286 3446 los,
335 3362 467 3461 qui
492 3357 831 3459 gallicum
865 3370 1144 3437 tantum
1193 3360 1535 3437 morbum
1582 3356 1892 3437 tractent.
2186 3363 2383 3461 ptios

153 3450 566 3555 singularum
607 3461 935 3559 corporis
978 3455 1473 3544 affectionum,
1525 3454 1838 3556 fingulos
1884 3457 2099 3538 habui
2156 3485 2196 3537 e
2231 3482 2386 3536 me·-

157 3550 340 3634 dicos
365 3614 388 3644 ,
438 3557 915 3638 Humum-us
959 3558 1261 3638 testatur.
1366 3556 1611 3658 thue
1648 3554 2116 3657 Hippocratis
2153 3575 2381 3649 aetate,

157 3647 586 3736 lithotomia
629 3714 652 3746 ,
718 3679 878 3758 quae
929 3657 1199 3736 morbo
1254 3658 1596 3736 morbum
1670 3661 1954 3737 tolleret
1976 3716 1998 3748 ,
2086 3660 2176 3735 ab
2235 3674 2385 3737 arte

159 3752 288 3847 iam
319 3755 453 3837 fuit
484 3756 756 3839 avulsa:
808 3758 900 3836 ita
939 3758 1101 3859 post
1138 3755 1412 3859 ipsum,
1464 3756 1538 3834 δι
1565 3755 1921 3837 Galenum
1945 3816 1969 3848 ,
2024 3758 2386 3933 chirpirgia

2106 3880 2184 3934 re
2237 3881 2379 3959 qua
