2644 4428
1045 0 1393 70 rstmr
1432 0 1775 57 artu.

274 130 339 238 3,
392 143 710 230 tutam,
768 121 853 213 ὅτ
901 123 1201 207 eodem
1234 149 1329 208 ac
1369 119 1578 207 olim
1624 120 1920 217 ordine
1951 124 2404 238 procedere
2450 118 2561 211 il-

268 258 673 369 „lorum
718 252 1117 367 periodos
1138 310 1166 356 ,
1219 248 1540 365 liquido
1581 252 2038 363 constabit,
2087 274 2190 343 ut
2248 252 2557 370 gravis

268 443 338 497 ‚,
268 315 643 475 ”sunus
682 387 985 523 auditor
1020 389 1448 473 BAcuvus
1500 392 1664 492 (dd)
1708 381 2076 473 testatur.
2333 428 2334 433 Ν

510 601 822 715 Qoad
890 594 1300 685 rationem
1370 606 1428 688 δ.
1511 623 1709 682 cum
1791 594 2223 712 Empiricis
2312 595 2548 710 apud

268 730 633 847 ’Cusum
673 740 806 837 (ee)
855 722 1251 830 fatemur,
1315 726 1375 774 ‘⁶
1430 722 1749 812 differre
1786 718 2173 842 quoque,
2219 730 2552 843 prona-

281 913 341 966 „
397 855 587 945 tura
630 860 1021 944 locorum
1048 911 1073 957 ‚
1133 881 1436 968 genera
1494 854 1913 945 medicinae
1940 916 1968 965 ‚
2040 861 2123 959 ὃς
2178 856 2394 946 aliud
2439 883 2548 942 o-

278 1047 343 1099 ,‚
401 1012 566 1100 pus
622 980 776 1071 esse
831 987 1179 1088 Romae,
1252 983 1468 1071 aliud
1525 984 1616 1070 in
1672 990 2045 1101 AEgypto
2084 1046 2111 1095 ,
2185 986 2402 1077 aliud
2448 984 2549 1077 in

283 1173 344 1224 ,‚
406 1107 692 1203 Gaui&
837 1112 1404 1197 Verunmmen
1465 1112 1546 1199 δι
1596 1110 1685 1195 in
1752 1110 2027 1218 vicht,
2070 1111 2273 1201 &in
2327 1127 2553 1199 cete-

283 1236 397 1324 ris
447 1236 548 1320 ad
637 1229 900 1318 vitam
976 1232 1060 1318 &
1112 1232 1670 1319 valetudinem
1736 1234 2113 1344 praefidiis
2154 1292 2181 1338 ‚
2257 1237 2544 1337 ‚multa

283 1390 466 1455 non
535 1358 809 1445 minus
859 1355 1043 1443 alibi
1094 1358 1554 1446 hodienum
1611 1363 1884 1445 valere
1918 1417 1945 1462 ,
2028 1351 2282 1471 quhm
2332 1357 2550 1445 olim

280 1490 374 1583 in
429 1480 793 1589 Graecia,
851 1512 1106 1571 nemo
1158 1480 1463 1570 inficia's
1511 1482 1685 1571 ibit..
1799 1483 2233 1595 Siquidem
2265 1482 2541 1596 'expe-

283 1612 575 1702 rientia
627 1626 949 1695 certum
991 1612 1342 1694 habetur
1364 1666 1391 1714 ,
1446 1607 1770 1695 ratione
1808 1603 2074 1695 viffiis
2122 1603 2553 1695 instituen-

280 1732 371 1821 di
392 1791 419 1837 ‚
475 1733 563 1820 in
604 1729 1068 1817 valetudine
1100 1730 1239 1816 seu
1279 1726 1672 1842 prospera
1687 1787 1713 1835 ,
1773 1732 1913 1817 seu
1945 1725 2285 1818 adversa
2301 1786 2328 1834 ,
2355 1735 2550 1843 plu-

283 1859 530 1953 rimas
580 1862 796 1969 leges
835 1883 1327 1942 communes
1365 1913 1393 1960 ‚
1468 1859 1786 1969 semper
1828 1858 1911 1946 &
1951 1856 2262 1968 ubique
2313 1859 2554 1944 loco-

282 2015 478 2074 rum
511 1983 752 2070 saluti
788 1978 966 2071 effe·
1082 1983 1165 2071 Si
1218 2007 1408 2096 quae
1459 1994 2025 2103 Aphorismorum
2073 1994 2238 2078 Sea.
2277 1999 2338 2077 I.
2383 2005 2548 2074 tra-

286 2112 603 2197 duntur
659 2110 959 2221 regulae
1023 2106 1435 2195 diaeteticae
1473 2168 1502 2216 ,
1563 2138 1657 2197 ac
1710 2109 2295 2225 therapeuticae
2333 2167 2361 2217 ‚
2442 2112 2553 2197 ad

283 2263 676 2331 normam
724 2233 1240 2348 experientiae
1274 2241 1845 2347 ponderentur
1861 2300 1887 2346 ‚
1953 2267 2237 2326 annon
2278 2236 2556 2326 omni-

286 2394 444 2457 um
488 2383 866 2465 aetatum,
927 2364 1436 2451 &locorum
1474 2361 1627 2452 esse
1667 2367 2116 2455 videntur?
2170 2382 2358 2450 tum
2396 2391 2544 2451 au-

287 2497 476 2587 xilia
523 2489 777 2581 fontis
831 2489 1270 2604 chirurgici
1307 2494 1410 2578 ab
1450 2494 1731 2580 HIPP.
1789 2491 2214 2581 memoriae
2266 2487 2553 2601 prodi-

286 2645 377 2714 ta
407 2683 434 2729 ‚
515 2647 799 2708 annon
856 2644 1092 2730 aeque
1154 2620 1568 2707 hodierno
1621 2624 1895 2709 seculo
1950 2616 2475 2709 conveniunt
2511 2612 2558 2703 ἓ

288 2751 561 2866 Qod
613 2748 676 2833 fi
726 2774 832 2831 ex
868 2746 1104 2832 sonte
1151 2748 1824 2856 pharmaceutico
1844 2807 1871 2855 ,
1929 2748 2332 2836 nonnulla
2363 2743 2552 2828 fim-

289 2877 534 2993 plicia
577 2874 781 2961 olim
817 2873 971 2959 usu
1015 2891 1392 2987 recepta,
1455 2878 1537 2964 &
1584 2875 1672 2962 in
1719 2873 1939 2962 libris
1973 2891 2402 2962 veterum
2413 2867 2558 2952 de-

289 3003 353 3087 s
327 3011 598 3115 gnata
617 3056 645 3103 ‚
714 2998 952 3084 valde
1014 2996 1357 3083 obscura
1408 2999 1598 3085 sunt
1618 3058 1645 3106 ,
1741 3000 1825 3088 ὅτ
1899 3015 2280 3112 propter.
2327 3017 2567 3079 man-

262 3157 473 3218 -cam
522 3149 823 3212 eorum
887 3120 1360 3232 historiam,
1436 3144 1583 3213 aut
1640 3123 2087 3212 nominum
2160 3116 2564 3231 ambigui-

258 3274 549 3346 -tatem
580 3309 607 3357 ‚
666 3274 1099 3363 nunquam
1154 3251 1338 3337 satis
1397 3251 1922 3360 extricanda‚
1997 3273 2277 3340 tamen
2329 3243 2570 3334 fateri

266 3398 646 3498 oportet
664 3438 691 3483 ,
749 3383 963 3467 hanc
1021 3379 1599 3468 obscuritatem
1635 3409 1813 3468 non
1871 3383 1973 3468 ad
2006 3363 2287 3470 omnia
2317 3378 2575 3489 perti-

289 3537 496 3602 nere
552 3567 579 3616 ‚
653 3509 1033 3619 adeoque
1088 3507 1356 3595 dubiis
1424 3511 1508 3599 &
1570 3507 1898 3598 incertis
1946 3509 2039 3597 in
2105 3505 2388 3597 medio
2443 3536 2577 3596 re-

2312 3637 2573 3738 fietis,

246 3945 253 3952 ·
387 3910 526 3993 (dd)
593 3915 686 3978 De
709 3908 883 3981 Mea.
910 3910 983 3980 1..
1015 3911 1069 3976 1.
1096 3927 1149 3978 c.
1173 3927 1227 3989 7.
1355 3909 1469 3992 (ee)
1534 3915 1623 3980 De
1648 3912 1969 3983 Mea.1..1.
2004 3913 2071 3975 in
2103 3906 2323 3992 pusat-
