2644 4428
258 49 357 113 η
686 35 768 104 tn
792 22 1016 119 jujar.
1071 27 1261 120 Hipp.
1333 20 1552 100 meod.
1607 27 1833 123 Zving.
1885 49 2083 102 enm.

248 185 523 287 reliqua
547 238 571 271 ‚
620 178 972 282 quodque
1018 172 1385 277 indignius
1411 234 1434 267 ,
1488 176 1564 254 &
1594 176 2050 276 periculofius
2095 178 2232 258 fuit
2252 236 2278 271 ,
2304 175 2505 282 ‘ipsa-

250 283 1023 497 ωεῧεῇῗᾞέιῳιέ
1062 374 1340 494 medica·
1369 346 1749 475 ἑᾷιχειρῆπι
1794 381 1976 458 ratio
2011 378 2333 459 habenda
2359 403 2504 475 per-

234 490 535 587 finarum
561 539 583 570 ,
622 481 1096 583 -qnibnscunt
1149 476 1467 555 mechcus
1529 478 1857 557 versatur.
1960 478 2323 559 Promittit
2362 482 2504 580 igi-

248 607 369 670 tur
402 582 625 664 fidem.
665 581 1017 658 medicam
1038 633 1060 667 ,
1111 573 1351 675 prime>
1388 577 1630 679 quoad
1675 577 2025 656 astionem
2054 578 2501 659 effentialem:

241 689 483 770 salutis
516 680 717 762 causa
758 679 829 756 se
874 677 1221 756 thalamos
1251 733 1272 765 ,
1326 676 1402 753 δι
1440 676 1613 755 testa
1648 702 2008 777 aegrorum
2055 679 2500 760 subiturum:

244 799 342 869 Ν.
389 812 506 880 29·
559 796 720 860 tum
766 776 1010 879 quoad
1056 775 1562 858 accidentalem
1591 834 1613 865 ,
1688 777 1759 856 se
1804 779 2200 879 fugiturum
2244 804 2501 860 omnes

246 887 659 969 occafiones
685 939 705 971 ,
760 894 916 959 tum
938 877 1225 979 reliquae
1255 877 1729 977 improbitatis
1754 881 2270 980 qualiscunque
2285 937 2306 969 ,
2342 903 2505 959 ava-

242 992 423 1071 ritiae
462 981 839 1084 praesertim
868 983 945 1055 in
987 975 1415 1078 paciscendo
1448 1032 1471 1064 ,
1522 977 1912 1078 exigendo,
1939 979 2368 1058 auferendo:
2403 990 2498 1060 N.

246 1113 363 1186 30.
416 1101 578 1164 tum
606 1078 916 1159 libidinis
967 1078 1336 1178 inprimis,
1389 1085 1483 1151 N.
1533 1099 1646 1170 31.
1706 1090 1851 1156 tam
1900 1078 2216 1180 respectu
2247 1079 2501 1170 sexus,

240 1198 337 1267 N.
380 1205 512 1276 32..
546 1205 764 1284 quam
812 1176 1299 1269 conditionis3
1355 1184 1444 1251 Ν.
1488 1198 1598 1270 33.
1657 1177 1822 1256 dein
1859 1181 2069 1258 etiam
2115 1181 2505 1280 poliicetut

241 1287 465 1386 fidem
527 1277 770 1385 quoad
817 1299 1240 1356 arcanorum
1306 1275 1845 1366 conditionem,
1920 1304 2081 1382 quae
2135 1281 2250 1359 vel
2311 1283 2506 1359 inter

237 1383 685 1466 medendum
713 1438 735 1469 ,
787 1378 899 1456 vel
947 1390 1148 1455 extra
1192 1375 1610 1458 observarit.
1662 1375 1938 1458 filentio
1994 1377 2213 1478 digna
2234 1437 2260 1471 ,
2304 1403 2387 1461 ea
2425 1379 2506 1460 se

239 1481 540 1567 minimi:
592 1480 1109 1579 evulgatumm.
1216 1483 1310 1554 N.
1370 1495 1480 1572 34.

339 1586 781 1666 Coactus-10
838 1577 1127 1656 tandem
1171 1573 1624 1668 conjunctam
1687 1573 1903 1656 habet
1945 1572 2248 1679 ἐταρεέν,
2296 1581 2505 1660 testa..

232 1688 420 1766 tioni
464 1677 808 1780 religiosas
839 1676 1112 1779 semper
1156 1674 1324 1753 addi
1368 1673 1690 1753 solitam:
1742 1676 2071 1775 praedifita
2113 1682 2358 1758 omnia
2386 1704 2503 1758 re-

232 1780 486 1887 ligiost
520 1778 916 1860 observanti
945 1835 968 1867 ,
1018 1779 1160 1853 vita
1200 1776 1276 1850 in
1311 1777 1475 1851 artis
1511 1776 1849 1873 operibus
1881 1779 2023 1855 vita
2067 1778 2298 1880 dignis
2333 1779 2504 1878 glo·

233 1885 418 1972 rios&
466 1877 895 1959 traducenda
925 1926 947 1958 ‚
1036 1899 1193 1952 non
1237 1875 1480 1952 inertis
1525 1877 1669 1952 ocii
1707 1872 1978 1955 fil‘entio
2014 1879 2442 1958 involvenda
2470 1939 2498 1971 ,

231 1979 601 2086 suppetat.
625 2010 631 2015 ·
658 1986 752 2056 Ν.
793 1996 907 2072 35.
979 1999 1134 2053 non
1177 1972 1472 2051 servanti
1513 1988 1751 2053 autem
1777 2034 1800 2066 ,
1853 1980 2201 2059 contraria
2257 1982 2502 2058 eveni-

232 2097 361 2276 ἓιέξ
418 2082 664 2263 οωιιᾶἰει
706 2135 729 2167 ,
796 2089 910 2176 ut,
937 2077 1080 2158 vita
1153 2072 1479 2175 indigne.
1503 2075 1789 2158 infamia
1851 2078 2184 2183 obtingat
2233 2078 2499 2182 diguis-

2327 3829 2503 3941 roi
