2644 4428
301 20 455 90 202
1363 0 1577 80 «PER.

306 153 536 238 Urina
572 148 795 244 mala.
856 169 1017 252 qut
1050 146 1215 251 post
1250 155 1634 250 potionem
1669 152 2004 235 celeriter
2047 162 2331 240 meite:
2353 209 2374 240 .
2409 181 2567 261 με·

405 254 789 353 sertimque
811 257 886 330 in
921 252 1146 328 lateris
1180 247 1559 330 doloribus
1580 305 1604 335 ‚
1657 253 1732 330 δε
1758 256 2164 355 pulmonis
2209 258 2565 341 inflamma-

405 354 745 432 tionibus.
854 362 1033 429 (ἶσαι.
1071 375 1231 448 579.

304 449 393 535 In
440 454 884 558 pulmonum
913 449 1585 532 inflammationibus
1616 455 2030 554 periculum
2061 458 2392 551 indicat,
2435 483 2558 562 qm

406 554 620 633 initio
655 554 1057 634 coitionem
1096 549 1316 631 habet
1336 608 1362 645 ,
1411 554 1665 633 verum
1695 554 1858 659 post
1891 582 1962 653 4.
2005 557 2220 640 diem
2253 563 2476 640 tenuis
2505 584 2557 637 e-

415 654 624 733 vadit.
728 661 912 729 Coae.
945 668 1106 746 580.

304 751 511 835 Sine
678 751 964 852 sputum
1010 747 1195 829 reste
1229 765 1646 832 excernatur
1682 810 1708 844 ‚
1755 779 1998 858 neque
2049 762 2271 838 urina
2321 763 2555 840 boum

402 856 529 933 sub
582 853 897 930 dentiam
930 852 1187 929 habere
1241 853 1563 932 videatur
1588 905 1609 935 ,
1662 857 2070 956 periculum
2135 862 2251 937 est
2271 918 2294 950 ,
2353 887 2439 938 ne
2472 883 2559 936 ar-

403 954 629 1032 ticulo
677 951 1028 1031 claudicet
1068 975 1296 1052 aeger,
1362 969 1487 1034 aut
1529 957 1596 1033 ei
1647 956 1965 1036 multum
2031 964 2337 1059 negotii
2385 959 2562 1040 exhi-

402 1055 670 1132 beatur.
772 1063 1032 1130 Praenot.
1078 1078 1107 1130 1
1131 1079 1157 1128 1
1175 1077 1235 1146 5.

527 1165 788 1234 NOTA
822 1165 1271 1231 LETHAAES.

308 1264 389 1347 si
434 1263 829 1365 dispareant
877 1260 1214 1342 abscessus
1245 1313 1267 1343 .
1339 1262 1413 1339 δι
1451 1259 1646 1341 intro
1695 1281 2110 1356 recurrant,
2163 1265 2384 1367 sputo
2425 1293 2564 1348 non

462 1367 813 1446 rodeunte
840 1420 863 1452 ‚
918 1366 992 1440 δε
1041 1365 1403 1440 detinente
1449 1362 1642 1439 febre
1663 1420 1687 1451 ,
1739 1370 1971 1466 gravis
2006 1370 2268 1445 morbi
2303 1375 2556 1470 perim-

438 1491 562 1543 um
588 1517 608 1546 ‚
638 1464 961 1543 &delirii
985 1521 1008 1553 ,
1058 1465 1131 1539 61
1152 1465 1442 1568 mortis,
1467 1486 1663 1561 aegro
1694 1463 2043 1544 imminet.
2092 1475 2372 1546 Praenot.
2412 1483 2550 1547 116.

300 1562 836 1670 Exsuppuratis
864 1621 886 1653 ,
937 1587 1122 1664 quos
1156 1563 1588 1666 pulmonum
1643 1565 1882 1642 morbi
1929 1570 2437 1657 concitarunt,
2470 1571 2560 1646 fe-

410 1689 489 1744 re
534 1663 841 1745 seniores
878 1667 1336 1756 moriuntur3
1386 1678 1456 1742 at
1487 1687 1580 1741 ex
1604 1667 1868 1766 caeteris
1901 1664 2560 1768 suppurationibus.

406 1769 725 1864 juniores
773 1769 1011 1868 potius
1057 1766 1433 1855 intereunt.
1539 1772 1793 1839 Praenot.
1832 1788 1866 1842 1
1883 1786 1993 1858 17.

305 1864 547 1954 Densa
586 1868 661 1948 &
702 1861 1197 1944 exercitationi
1249 1861 1490 1939 dedita
1536 1886 1845 1964 corpora
1866 1922 1890 1955 ,
1960 1868 2174 1943 citius
2238 1892 2342 1946 ex
2387 1892 2562 1946 mor-

410 1969 512 2042 bo
570 1965 830 2044 laterali
877 2021 899 2054 ,
973 1967 1045 2042 Sc
1098 1962 1465 2063 pulmonis
1527 1963 2092 2043 inflammatione
2148 1969 2561 2057 intereunt,

406 2089 626 2167 quam
668 2089 830 2166 quae
862 2062 1004 2140 sine
1051 2064 1555 2141 exercitatione
1594 2063 1894 2161 degunt.
2003 2073 2191 2160 Coae.
2233 2085 2407 2163 398.
2603 2085 2604 2094 ‘

302 2161 392 2251 In
419 2166 784 2266 pulmonis
816 2163 1498 2243 inflammationibus
1526 2160 1718 2242 siccis
1745 2221 1768 2252 ,
1817 2159 2278 2266 aliquantum
2303 2167 2559 2249 extenti

407 2271 486 2344 in
512 2266 917 2367 pedoribus
945 2265 1261 2345 rubores,
1289 2266 1678 2363 perniciem
1707 2264 2165 2343 denunciant.
2201 2280 2390 2346 (tuac.
2419 2294 2550 2366 4¹7·
2603 2334 2604 2337 ¹

302 2366 616 2467 Sputum
659 2364 861 2444 valde
904 2362 1525 2463 sanguinolentum
1553 2420 1574 2451 ‚
1629 2380 1754 2443 aut
1812 2366 2017 2464 quod
2075 2365 2322 2446 statim
2361 2371 2553 2448 initio

406 2464 716 2560 livescit,
766 2466 1154 2565 perniciem
1189 2486 1334 2565 prae
1360 2463 1429 2540 se
1461 2462 1614 2539 fert.
1720 2473 1902 2540 Coae.
1933 2487 2099 2557 390.

302 2563 415 2649 Ex
463 2569 693 2644 lateris
745 2567 1011 2642 morbo
1038 2620 1061 2653 ,
1134 2577 1257 2641 aut
1311 2562 1678 2664 pulmonis
1711 2561 2309 2643 inflammatione
2355 2590 2554 2669 puru-

402 2666 578 2742 lenti
622 2667 1073 2752 moriuntur,
1129 2685 1318 2763 quos
1363 2662 1595 2741 febres
1629 2660 2213 2763 consequuntur,
2261 2668 2344 2743 ἃ
2385 2666 2553 2754 fitis,
2603 2740 2604 2749 Ν

406 2765 483 2840 &
521 2767 661 2841 cibi
696 2764 1041 2842 fastidium
1064 2818 1086 2850 ,
1141 2764 1194 2838 fi
1227 2786 1359 2861 pus
1386 2762 1728 2854 lividum,
1779 2778 1902 2841 aut
1930 2787 2023 2841 ex
2048 2765 2338 2865 pallido
2372 2763 2556 2845 vires·
2603 2768 2604 2821 3

339 2930 345 2936 .
406 2885 575 2944 cens
604 2921 626 2953 ‚
682 2878 808 2942 aut
854 2862 1317 2965 pituitosum,
1369 2878 1491 2939 aut
1524 2861 1885 2961 spumans,
1935 2887 2022 2940 ac
2069 2866 2440 2966 insuper-fi
2477 2866 2557 2943 ala

410 2989 541 3044 vus
584 2962 681 3042 est
722 2963 1009 3064 liquida.
1133 2960 1423 3056 Quibus
1479 2977 1717 3047 autem
1763 2986 1857 3040 ex
1898 2964 2252 3065 praediffls
2305 2969 2552 3068 partim

406 3064 737 3165 quaedam
758 3062 1056 3151 adsunt,
1110 3063 1365 3163 partim
1408 3059 1581 3138 vero
1607 3061 1858 3140 absunt
1886 3119 1910 3151 ,
1959 3063 2040 3140 hi
2068 3064 2378 3164 quidem
2413 3088 2554 3142 mu-
2603 3088 2604 3165 ξ

405 3173 690 3244 riuntur
714 3222 739 3255 ,
789 3162 894 3241 illi
944 3159 1117 3241 vero
1153 3163 1314 3263 post
1352 3163 1575 3263 longa
1600 3178 2013 3262 temporum
2049 3167 2426 3244 intervalla
2465 3164 2552 3240 sa-

330 3316 335 3325 ·
407 3268 487 3342 ni
526 3264 852 3343 evadunt.
961 3272 1138 3339 Coac.
1168 3283 1336 3358 402.
2602 3334 2604 3363 ἐ

302 3362 392 3451 In
428 3365 798 3466 pulmonis
823 3360 1544 3449 inflammationibus,
1600 3361 1859 3463 quibus
1898 3361 2081 3440 circa
2110 3364 2310 3440 initia
2339 3365 2548 3441 urinae
2602 3394 2604 3435 ἶ

394 3460 644 3541 ‘crassae
677 3464 835 3543 sunt
852 3520 873 3553 ,
928 3461 1188 3540 deinde
1218 3478 1379 3540 ante
1406 3486 1473 3557 4.
1503 3462 1693 3539 diem
1715 3480 1962 3540 tenues
1989 3462 2349 3556 evadunt,
2373 3485 2546 3545 moa

413 3564 803 3664 impendet.
916 3572 1088 3640 Coae.
1127 3586 1294 3658 415.

312 3665 606 3767 Quibus
653 3662 798 3741 una
847 3686 1013 3742 cum
1050 3662 1271 3740 corde
1310 3660 1566 3761 pulmo
1630 3674 1824 3739 totus
1867 3659 2406 3753 inflammatur,
2453 3664 2531 3737 in

413 3778 494 3849 ut
543 3767 622 3843 in
667 3763 852 3842 latus
902 3762 1312 3852 incumbat,
1357 3762 1407 3837 ii
1444 3772 1606 3840 toto
1643 3782 1948 3864 corpore
1992 3786 2396 3845 nervorum
2445 3782 2532 3833 re·

2373 3857 2527 3937 &1210
