<?xml version="1.0" encoding="UTF-8"?>
<!DOCTYPE html PUBLIC "-//W3C//DTD XHTML 1.0 Transitional//EN"
    "http://www.w3.org/TR/xhtml1/DTD/xhtml1-transitional.dtd">
<html xmlns="http://www.w3.org/1999/xhtml" xml:lang="en" lang="en">
 <head>
  <title>
</title>
<meta http-equiv="Content-Type" content="text/html;charset=utf-8" />
  <meta name='ocr-system' content='tesseract 3.04.00' />
  <meta name='ocr-capabilities' content='ocr_page ocr_carea ocr_par ocr_line ocrx_word'/>
</head>
<body>
  <div class='ocr_page' id='page_1' title='image "./magnihippocrati00celsgoog_0695.png"; bbox 0 0 2644 4428; ppageno 0'>
   <div class='ocr_carea' id='block_1_1' title="bbox 719 27 2374 138">
    <p class='ocr_par' dir='ltr' id='par_1_1' title="bbox 719 27 2374 138">
     <span class='ocr_line' id='line_1_1' title="bbox 719 27 2374 138; baseline 0.001 -17"><span class='ocrx_word' id='word_1_1' title='bbox 719 33 927 121; x_wconf 85' lang='lat' dir='ltr'>FAC.</span> <span class='ocrx_word' id='word_1_2' title='bbox 1537 31 1593 119; x_wconf 82' lang='lat' dir='ltr'><strong>F</strong></span> <span class='ocrx_word' id='word_1_3' title='bbox 1593 27 1767 122; x_wconf 83' lang='lat' dir='ltr'><strong>AM.</strong></span> <span class='ocrx_word' id='word_1_4' title='bbox 2266 67 2374 138; x_wconf 67' lang='grc' dir='ltr'><strong>,ι</strong></span> 
     </span>
    </p>
   </div>
   <div class='ocr_carea' id='block_1_2' title="bbox 104 189 2374 389">
    <p class='ocr_par' dir='ltr' id='par_1_2' title="bbox 104 189 2374 389">
     <span class='ocr_line' id='line_1_2' title="bbox 104 189 2374 296; baseline -0.002 -24"><span class='ocrx_word' id='word_1_5' title='bbox 104 193 395 290; x_wconf 83' lang='lat' dir='ltr'><strong>Quibus</strong></span> <span class='ocrx_word' id='word_1_6' title='bbox 426 194 1003 296; x_wconf 65' lang='lat' dir='ltr'><strong>praegnantibus,</strong></span> <span class='ocrx_word' id='word_1_7' title='bbox 1029 192 1179 270; x_wconf 73' lang='lat' dir='ltr'><strong>tabi</strong></span> <span class='ocrx_word' id='word_1_8' title='bbox 1213 194 1654 293; x_wconf 82' lang='lat' dir='ltr'><strong>opportunis</strong></span> <span class='ocrx_word' id='word_1_9' title='bbox 1672 243 1693 273; x_wconf 87' lang='lat'>‚</span> <span class='ocrx_word' id='word_1_10' title='bbox 1721 189 1922 270; x_wconf 87' lang='lat' dir='ltr'><strong>faciei</strong></span> <span class='ocrx_word' id='word_1_11' title='bbox 1950 189 2176 270; x_wconf 86' lang='lat' dir='ltr'><strong>rubor&#39;</strong></span> <span class='ocrx_word' id='word_1_12' title='bbox 2196 214 2374 268; x_wconf 86' lang='lat' dir='ltr'><strong>exo-</strong></span> 
     </span>
     <span class='ocr_line' id='line_1_3' title="bbox 204 290 2361 389; baseline -0 -19"><span class='ocrx_word' id='word_1_13' title='bbox 204 300 426 383; x_wconf 86' lang='lat' dir='ltr'><strong>ritur,</strong></span> <span class='ocrx_word' id='word_1_14' title='bbox 478 293 683 373; x_wconf 89' lang='lat' dir='ltr'><strong>hunc</strong></span> <span class='ocrx_word' id='word_1_15' title='bbox 730 294 1144 373; x_wconf 84' lang='lat' dir='ltr'><strong>stillationes</strong></span> <span class='ocrx_word' id='word_1_16' title='bbox 1191 290 1235 370; x_wconf 76' lang='grc' dir='ltr'>ἑ</span> <span class='ocrx_word' id='word_1_17' title='bbox 1267 294 1559 371; x_wconf 84' lang='lat' dir='ltr'><strong>naribus</strong></span> <span class='ocrx_word' id='word_1_18' title='bbox 1610 306 1955 372; x_wconf 83' lang='lat' dir='ltr'><strong>avertunt.</strong></span> <span class='ocrx_word' id='word_1_19' title='bbox 1989 297 2168 368; x_wconf 66' lang='grc' dir='ltr'><strong>(ἴσα.</strong></span> <span class='ocrx_word' id='word_1_20' title='bbox 2200 314 2361 389; x_wconf 79' lang='lat'>524.</span> 
     </span>
    </p>
   </div>
   <div class='ocr_carea' id='block_1_3' title="bbox 326 432 1144 499">
    <p class='ocr_par' dir='ltr' id='par_1_3' title="bbox 326 432 1144 499">
     <span class='ocr_line' id='line_1_4' title="bbox 326 432 1144 499; baseline 0.009 -8"><span class='ocrx_word' id='word_1_21' title='bbox 326 432 820 496; x_wconf 81' lang='lat' dir='ltr'><em>DETERIORIS</em></span> <span class='ocrx_word' id='word_1_22' title='bbox 870 433 1144 499; x_wconf 81' lang='lat' dir='ltr'><strong><em>NOTAE.</em></strong></span> 
     </span>
    </p>
   </div>
   <div class='ocr_carea' id='block_1_4' title="bbox 106 526 2375 730">
    <p class='ocr_par' dir='ltr' id='par_1_4' title="bbox 106 526 2375 730">
     <span class='ocr_line' id='line_1_5' title="bbox 106 526 2375 633; baseline 0.002 -23"><span class='ocrx_word' id='word_1_23' title='bbox 106 526 303 610; x_wconf 75' lang='lat' dir='ltr'><strong>Bene</strong></span> <span class='ocrx_word' id='word_1_24' title='bbox 344 529 659 610; x_wconf 87' lang='lat' dir='ltr'><strong>colorata</strong></span> <span class='ocrx_word' id='word_1_25' title='bbox 705 531 916 612; x_wconf 82' lang='lat' dir='ltr'><strong>facies</strong></span> <span class='ocrx_word' id='word_1_26' title='bbox 945 589 971 622; x_wconf 90' lang='lat'>‚</span> <span class='ocrx_word' id='word_1_27' title='bbox 1021 557 1107 612; x_wconf 92' lang='lat' dir='ltr'><strong>ac</strong></span> <span class='ocrx_word' id='word_1_28' title='bbox 1161 531 1364 612; x_wconf 88' lang='lat' dir='ltr'><strong>valde</strong></span> <span class='ocrx_word' id='word_1_29' title='bbox 1406 533 1654 612; x_wconf 85' lang='lat' dir='ltr'><strong>tetrica</strong></span> <span class='ocrx_word' id='word_1_30' title='bbox 1691 591 1717 625; x_wconf 87' lang='lat'>,</span> <span class='ocrx_word' id='word_1_31' title='bbox 1798 531 1875 610; x_wconf 86' lang='lat'>&amp;</span> <span class='ocrx_word' id='word_1_32' title='bbox 1913 528 2375 633; x_wconf 79' lang='lat' dir='ltr'><strong>superciliosa.</strong></span> 
     </span>
     <span class='ocr_line' id='line_1_6' title="bbox 215 633 1172 730; baseline 0.008 -26"><span class='ocrx_word' id='word_1_33' title='bbox 215 633 490 707; x_wconf 61' lang='lat' dir='ltr'><strong>Praedit‘l.</strong></span> <span class='ocrx_word' id='word_1_34' title='bbox 528 643 580 708; x_wconf 92' lang='grc' dir='ltr'><strong>Ι.</strong></span> <span class='ocrx_word' id='word_1_35' title='bbox 604 655 721 730; x_wconf 88' lang='lat'><strong>49.</strong></span> <span class='ocrx_word' id='word_1_36' title='bbox 785 641 959 710; x_wconf 83' lang='lat' dir='ltr'><strong>coac.</strong></span> <span class='ocrx_word' id='word_1_37' title='bbox 1001 653 1172 727; x_wconf 80' lang='lat'>213.</span> 
     </span>
    </p>
   </div>
   <div class='ocr_carea' id='block_1_5' title="bbox 116 727 2382 935">
    <p class='ocr_par' dir='ltr' id='par_1_5' title="bbox 116 727 2382 935">
     <span class='ocr_line' id='line_1_7' title="bbox 116 727 2382 835; baseline 0 -28"><span class='ocrx_word' id='word_1_38' title='bbox 116 727 191 807; x_wconf 83' lang='lat' dir='ltr'><strong>Si</strong></span> <span class='ocrx_word' id='word_1_39' title='bbox 234 755 429 810; x_wconf 80' lang='lat' dir='ltr'><strong>venae</strong></span> <span class='ocrx_word' id='word_1_40' title='bbox 468 745 888 833; x_wconf 88' lang='lat' dir='ltr'><strong>temporum</strong></span> <span class='ocrx_word' id='word_1_41' title='bbox 931 734 1007 810; x_wconf 86' lang='lat' dir='ltr'><strong>in</strong></span> <span class='ocrx_word' id='word_1_42' title='bbox 1057 735 1374 811; x_wconf 83' lang='lat' dir='ltr'><strong>febribus</strong></span> <span class='ocrx_word' id='word_1_43' title='bbox 1423 730 1703 835; x_wconf 87' lang='lat' dir='ltr'><strong>pulsent</strong></span> <span class='ocrx_word' id='word_1_44' title='bbox 1735 792 1759 824; x_wconf 89' lang='lat'><strong>,</strong></span> <span class='ocrx_word' id='word_1_45' title='bbox 1810 731 1885 807; x_wconf 88' lang='lat'>&amp;</span> <span class='ocrx_word' id='word_1_46' title='bbox 1942 729 2148 810; x_wconf 86' lang='lat' dir='ltr'><strong>facies</strong></span> <span class='ocrx_word' id='word_1_47' title='bbox 2191 729 2382 817; x_wconf 63' lang='lat' dir='ltr'><strong>bene</strong></span> 
     </span>
     <span class='ocr_line' id='line_1_8' title="bbox 215 830 2374 935; baseline 0.001 -27"><span class='ocrx_word' id='word_1_48' title='bbox 215 830 454 911; x_wconf 86' lang='lat' dir='ltr'><strong>habita</strong></span> <span class='ocrx_word' id='word_1_49' title='bbox 483 831 736 923; x_wconf 86' lang='lat' dir='ltr'><strong>fuerit,</strong></span> <span class='ocrx_word' id='word_1_50' title='bbox 767 832 1027 935; x_wconf 86' lang='lat' dir='ltr'><strong>absque</strong></span> <span class='ocrx_word' id='word_1_51' title='bbox 1053 834 1623 935; x_wconf 79' lang='lat' dir='ltr'><strong>praecordiorum</strong></span> <span class='ocrx_word' id='word_1_52' title='bbox 1648 833 1976 912; x_wconf 87' lang='lat' dir='ltr'><strong>mollitie.</strong></span> <span class='ocrx_word' id='word_1_53' title='bbox 2011 837 2186 911; x_wconf 83' lang='lat' dir='ltr'><strong>Coac.</strong></span> <span class='ocrx_word' id='word_1_54' title='bbox 2213 847 2374 923; x_wconf 82' lang='lat'>128.</span> 
     </span>
    </p>
   </div>
   <div class='ocr_carea' id='block_1_6' title="bbox 331 968 762 1034">
    <p class='ocr_par' dir='ltr' id='par_1_6' title="bbox 331 968 762 1034">
     <span class='ocr_line' id='line_1_9' title="bbox 331 968 762 1034; baseline -0.005 -1"><span class='ocrx_word' id='word_1_55' title='bbox 331 968 762 1034; x_wconf 82' lang='lat' dir='ltr'><em>LETHALIS.</em></span> 
     </span>
    </p>
   </div>
   <div class='ocr_carea' id='block_1_7' title="bbox 114 1063 2393 1889">
    <p class='ocr_par' dir='ltr' id='par_1_7' title="bbox 114 1063 2393 1889">
     <span class='ocr_line' id='line_1_10' title="bbox 114 1063 2386 1175; baseline 0.001 -28"><span class='ocrx_word' id='word_1_56' title='bbox 114 1063 350 1148; x_wconf 83' lang='lat' dir='ltr'><strong>Faciei</strong></span> <span class='ocrx_word' id='word_1_57' title='bbox 392 1073 795 1172; x_wconf 78' lang='lat' dir='ltr'><strong>corruptela</strong></span> <span class='ocrx_word' id='word_1_58' title='bbox 835 1072 1112 1151; x_wconf 85' lang='lat' dir='ltr'><strong>lethalis</strong></span> <span class='ocrx_word' id='word_1_59' title='bbox 1150 1071 1246 1149; x_wconf 89' lang='lat' dir='ltr'><strong>est</strong></span> <span class='ocrx_word' id='word_1_60' title='bbox 1271 1129 1293 1161; x_wconf 85' lang='lat'><strong>,</strong></span> <span class='ocrx_word' id='word_1_61' title='bbox 1346 1073 1585 1151; x_wconf 81' lang='lat' dir='ltr'><strong>minus</strong></span> <span class='ocrx_word' id='word_1_62' title='bbox 1623 1084 1864 1150; x_wconf 84' lang='lat' dir='ltr'><strong>tamen</strong></span> <span class='ocrx_word' id='word_1_63' title='bbox 1888 1128 1908 1162; x_wconf 90' lang='lat'><strong>,</strong></span> <span class='ocrx_word' id='word_1_64' title='bbox 1963 1071 2016 1148; x_wconf 84' lang='lat' dir='ltr'><strong>fl</strong></span> <span class='ocrx_word' id='word_1_65' title='bbox 2066 1076 2168 1151; x_wconf 94' lang='lat' dir='ltr'><strong>ob</strong></span> <span class='ocrx_word' id='word_1_66' title='bbox 2222 1096 2386 1175; x_wconf 87' lang='lat' dir='ltr'><strong>per·</strong></span> 
     </span>
     <span class='ocr_line' id='line_1_11' title="bbox 219 1172 2387 1273; baseline 0.003 -28"><span class='ocrx_word' id='word_1_67' title='bbox 219 1172 545 1269; x_wconf 84' lang='lat' dir='ltr'><strong>vigilium</strong></span> <span class='ocrx_word' id='word_1_68' title='bbox 570 1223 591 1252; x_wconf 83' lang='lat'>‚</span> <span class='ocrx_word' id='word_1_69' title='bbox 645 1191 766 1252; x_wconf 85' lang='lat' dir='ltr'><strong>aut</strong></span> <span class='ocrx_word' id='word_1_70' title='bbox 797 1174 1104 1252; x_wconf 86' lang='lat' dir='ltr'><strong>inediam</strong></span> <span class='ocrx_word' id='word_1_71' title='bbox 1133 1229 1155 1261; x_wconf 88' lang='lat'>,</span> <span class='ocrx_word' id='word_1_72' title='bbox 1210 1187 1337 1251; x_wconf 81' lang='lat' dir='ltr'><strong>aut</strong></span> <span class='ocrx_word' id='word_1_73' title='bbox 1380 1173 1517 1249; x_wconf 90' lang='lat' dir='ltr'><strong>alvi</strong></span> <span class='ocrx_word' id='word_1_74' title='bbox 1558 1173 2167 1273; x_wconf 81' lang='lat' dir='ltr'><strong>perturbationem</strong></span> <span class='ocrx_word' id='word_1_75' title='bbox 2209 1198 2387 1253; x_wconf 83' lang='lat' dir='ltr'><strong>con-</strong></span> 
     </span>
     <span class='ocr_line' id='line_1_12' title="bbox 222 1270 2393 1374; baseline 0.002 -28"><span class='ocrx_word' id='word_1_76' title='bbox 222 1273 499 1371; x_wconf 80' lang='lat' dir='ltr'><strong>tingat:</strong></span> <span class='ocrx_word' id='word_1_77' title='bbox 552 1296 716 1350; x_wconf 86' lang='lat' dir='ltr'><strong>nam</strong></span> <span class='ocrx_word' id='word_1_78' title='bbox 767 1298 924 1374; x_wconf 84' lang='lat' dir='ltr'><strong>quae</strong></span> <span class='ocrx_word' id='word_1_79' title='bbox 956 1297 1050 1351; x_wconf 84' lang='lat' dir='ltr'><strong>ex</strong></span> <span class='ocrx_word' id='word_1_80' title='bbox 1090 1274 1202 1353; x_wconf 85' lang='lat' dir='ltr'><strong>his</strong></span> <span class='ocrx_word' id='word_1_81' title='bbox 1231 1270 1449 1350; x_wconf 87' lang='lat' dir='ltr'><strong>caufis</strong></span> <span class='ocrx_word' id='word_1_82' title='bbox 1487 1288 1646 1351; x_wconf 86' lang='lat' dir='ltr'><strong>orta</strong></span> <span class='ocrx_word' id='word_1_83' title='bbox 1668 1275 1766 1350; x_wconf 90' lang='lat' dir='ltr'><strong>est</strong></span> <span class='ocrx_word' id='word_1_84' title='bbox 1792 1271 2216 1374; x_wconf 82' lang='lat' dir='ltr'><strong>corruptelae</strong></span> <span class='ocrx_word' id='word_1_85' title='bbox 2237 1275 2393 1371; x_wconf 86' lang='lat' dir='ltr'><strong>spe-</strong></span> 
     </span>
     <span class='ocr_line' id='line_1_13' title="bbox 227 1371 2392 1472; baseline 0.001 -24"><span class='ocrx_word' id='word_1_86' title='bbox 227 1375 373 1449; x_wconf 86' lang='lat' dir='ltr'><strong>cies</strong></span> <span class='ocrx_word' id='word_1_87' title='bbox 397 1429 419 1460; x_wconf 89' lang='lat'><strong>,</strong></span> <span class='ocrx_word' id='word_1_88' title='bbox 471 1398 611 1450; x_wconf 87' lang='lat' dir='ltr'><strong>una</strong></span> <span class='ocrx_word' id='word_1_89' title='bbox 647 1375 809 1466; x_wconf 88' lang='lat' dir='ltr'><strong>die,</strong></span> <span class='ocrx_word' id='word_1_90' title='bbox 863 1390 987 1452; x_wconf 87' lang='lat' dir='ltr'><strong>aut</strong></span> <span class='ocrx_word' id='word_1_91' title='bbox 1019 1372 1231 1451; x_wconf 62' lang='lat' dir='ltr'><strong>nocte</strong></span> <span class='ocrx_word' id='word_1_92' title='bbox 1257 1375 1332 1450; x_wconf 91' lang='lat' dir='ltr'><strong>in</strong></span> <span class='ocrx_word' id='word_1_93' title='bbox 1360 1376 1724 1472; x_wconf 86' lang='lat' dir='ltr'><strong>integrum</strong></span> <span class='ocrx_word' id='word_1_94' title='bbox 1753 1374 2151 1466; x_wconf 85' lang='lat' dir='ltr'><strong>restituitur.</strong></span> <span class='ocrx_word' id='word_1_95' title='bbox 2232 1371 2392 1454; x_wconf 89' lang='lat' dir='ltr'><strong>Hu-</strong></span> 
     </span>
     <span class='ocr_line' id='line_1_14' title="bbox 228 1471 2387 1570; baseline 0.001 -21"><span class='ocrx_word' id='word_1_96' title='bbox 228 1471 540 1570; x_wconf 88' lang='lat' dir='ltr'><strong>jusmodi</strong></span> <span class='ocrx_word' id='word_1_97' title='bbox 588 1489 828 1552; x_wconf 82' lang='lat' dir='ltr'><strong>autem</strong></span> <span class='ocrx_word' id='word_1_98' title='bbox 882 1476 1090 1554; x_wconf 86' lang='lat' dir='ltr'><strong>faciei</strong></span> <span class='ocrx_word' id='word_1_99' title='bbox 1141 1473 1248 1551; x_wconf 84' lang='lat' dir='ltr'><strong>hae</strong></span> <span class='ocrx_word' id='word_1_100' title='bbox 1296 1474 1462 1568; x_wconf 81' lang='lat' dir='ltr'><strong>sunt</strong></span> <span class='ocrx_word' id='word_1_101' title='bbox 1511 1489 1748 1553; x_wconf 83' lang='lat' dir='ltr'><strong>notae:</strong></span> <span class='ocrx_word' id='word_1_102' title='bbox 1801 1474 1997 1553; x_wconf 88' lang='lat' dir='ltr'><strong>oculi</strong></span> <span class='ocrx_word' id='word_1_103' title='bbox 2047 1477 2387 1563; x_wconf 85' lang='lat' dir='ltr'><strong>concavi,</strong></span> 
     </span>
     <span class='ocr_line' id='line_1_15' title="bbox 226 1573 2392 1675; baseline 0.002 -28"><span class='ocrx_word' id='word_1_104' title='bbox 226 1596 432 1649; x_wconf 86' lang='lat' dir='ltr'><strong>nares</strong></span> <span class='ocrx_word' id='word_1_105' title='bbox 489 1589 761 1664; x_wconf 83' lang='lat' dir='ltr'><strong>acutae,</strong></span> <span class='ocrx_word' id='word_1_106' title='bbox 817 1573 1120 1675; x_wconf 86' lang='lat' dir='ltr'><strong>collapsa</strong></span> <span class='ocrx_word' id='word_1_107' title='bbox 1168 1589 1491 1671; x_wconf 85' lang='lat' dir='ltr'><strong>tempora</strong></span> <span class='ocrx_word' id='word_1_108' title='bbox 1517 1626 1538 1656; x_wconf 87' lang='lat'>‚</span> <span class='ocrx_word' id='word_1_109' title='bbox 1590 1574 1864 1673; x_wconf 85' lang='lat' dir='ltr'><strong>frigidae</strong></span> <span class='ocrx_word' id='word_1_110' title='bbox 1901 1598 2105 1651; x_wconf 75' lang='lat' dir='ltr'><strong>aures</strong></span> <span class='ocrx_word' id='word_1_111' title='bbox 2134 1625 2155 1653; x_wconf 85' lang='lat'>‚</span> <span class='ocrx_word' id='word_1_112' title='bbox 2210 1597 2392 1652; x_wconf 89' lang='lat' dir='ltr'><strong>con-</strong></span> 
     </span>
     <span class='ocr_line' id='line_1_16' title="bbox 227 1671 2393 1774; baseline 0.001 -25"><span class='ocrx_word' id='word_1_113' title='bbox 227 1671 639 1772; x_wconf 60' lang='lat' dir='ltr'><strong>tradiaeque,</strong></span> <span class='ocrx_word' id='word_1_114' title='bbox 692 1679 872 1752; x_wconf 70' lang='lat' dir='ltr'><strong>cutis</strong></span> <span class='ocrx_word' id='word_1_115' title='bbox 914 1675 1129 1763; x_wconf 85' lang='lat' dir='ltr'><strong>dura,</strong></span> <span class='ocrx_word' id='word_1_116' title='bbox 1184 1674 1396 1750; x_wconf 86' lang='lat' dir='ltr'><strong>color</strong></span> <span class='ocrx_word' id='word_1_117' title='bbox 1437 1673 1739 1774; x_wconf 84' lang='lat' dir='ltr'><strong>pallidus</strong></span> <span class='ocrx_word' id='word_1_118' title='bbox 1767 1730 1788 1757; x_wconf 90' lang='lat'>‚</span> <span class='ocrx_word' id='word_1_119' title='bbox 1843 1688 1965 1749; x_wconf 88' lang='lat' dir='ltr'><strong>aut</strong></span> <span class='ocrx_word' id='word_1_120' title='bbox 1991 1675 2246 1772; x_wconf 74' lang='lat' dir='ltr'><strong>niger3</strong></span> <span class='ocrx_word' id='word_1_121' title='bbox 2300 1672 2393 1751; x_wconf 91' lang='lat' dir='ltr'><strong>ad</strong></span> 
     </span>
     <span class='ocr_line' id='line_1_17' title="bbox 230 1772 2392 1889; baseline 0 -39"><span class='ocrx_word' id='word_1_122' title='bbox 230 1772 389 1851; x_wconf 86' lang='lat' dir='ltr'><strong>haec</strong></span> <span class='ocrx_word' id='word_1_123' title='bbox 419 1797 715 1874; x_wconf 87' lang='lat' dir='ltr'><strong>quoque</strong></span> <span class='ocrx_word' id='word_1_124' title='bbox 745 1775 1080 1853; x_wconf 86' lang='lat' dir='ltr'><strong>livescens</strong></span> <span class='ocrx_word' id='word_1_125' title='bbox 1104 1775 1501 1889; x_wconf 72' lang='lat' dir='ltr'><strong>palpebra,</strong></span> <span class='ocrx_word' id='word_1_126' title='bbox 1561 1788 1684 1851; x_wconf 86' lang='lat' dir='ltr'><strong>aut</strong></span> <span class='ocrx_word' id='word_1_127' title='bbox 1731 1772 2008 1849; x_wconf 87' lang='lat' dir='ltr'><strong>labrum</strong></span> <span class='ocrx_word' id='word_1_128' title='bbox 2032 1831 2053 1860; x_wconf 92' lang='lat'>‚</span> <span class='ocrx_word' id='word_1_129' title='bbox 2109 1788 2232 1851; x_wconf 87' lang='lat' dir='ltr'><strong>aut</strong></span> <span class='ocrx_word' id='word_1_130' title='bbox 2268 1797 2392 1850; x_wconf 89' lang='lat' dir='ltr'><strong>na-</strong></span> 
     </span>
    </p>
   </div>
   <div class='ocr_carea' id='block_1_8' title="bbox 228 1871 2403 2068">
    <p class='ocr_par' dir='ltr' id='par_1_8' title="bbox 228 1871 2403 2068">
     <span class='ocr_line' id='line_1_18' title="bbox 228 1871 2403 2048; baseline 0.001 -100"><span class='ocrx_word' id='word_1_131' title='bbox 228 1871 387 2048; x_wconf 50' lang='grc' dir='ltr'><strong>ῗιε,</strong></span> <span class='ocrx_word' id='word_1_132' title='bbox 432 1886 752 1974; x_wconf 68' lang='lat' dir='ltr'><strong>mortem</strong></span> <span class='ocrx_word' id='word_1_133' title='bbox 794 1879 872 1952; x_wconf 91' lang='lat' dir='ltr'><strong>in</strong></span> <span class='ocrx_word' id='word_1_134' title='bbox 910 1897 1328 1978; x_wconf 77' lang='lat' dir='ltr'><strong>propinquo</strong></span> <span class='ocrx_word' id='word_1_135' title='bbox 1375 1872 1508 1952; x_wconf 84' lang='lat' dir='ltr'><strong>effe</strong></span> <span class='ocrx_word' id='word_1_136' title='bbox 1538 1871 1897 1974; x_wconf 74' lang='lat' dir='ltr'><strong>fignificat.</strong></span> <span class='ocrx_word' id='word_1_137' title='bbox 2002 1882 2182 1950; x_wconf 82' lang='lat' dir='ltr'><strong>coac.</strong></span> <span class='ocrx_word' id='word_1_138' title='bbox 2214 1873 2403 1955; x_wconf 55' lang='lat'><strong>212(</strong></span> 
     </span>
     <span class='ocr_line' id='line_1_19' title="bbox 283 1994 686 2068; baseline 0.01 -22"><span class='ocrx_word' id='word_1_139' title='bbox 283 1994 491 2051; x_wconf 81' lang='lat' dir='ltr'><strong>raenot.</strong></span> <span class='ocrx_word' id='word_1_140' title='bbox 524 1997 589 2054; x_wconf 86' lang='lat'><strong>2.</strong></span> <span class='ocrx_word' id='word_1_141' title='bbox 623 1997 686 2068; x_wconf 83' lang='lat'><strong>3.</strong></span> 
     </span>
    </p>
   </div>
   <div class='ocr_carea' id='block_1_9' title="bbox 253 2098 1392 2273">
    <p class='ocr_par' dir='ltr' id='par_1_9' title="bbox 253 2098 1392 2273">
     <span class='ocr_line' id='line_1_20' title="bbox 253 2098 1392 2168; baseline 0.002 -4"><span class='ocrx_word' id='word_1_142' title='bbox 253 2098 498 2168; x_wconf 81' lang='lat' dir='ltr'><strong>NOTAE</strong></span> <span class='ocrx_word' id='word_1_143' title='bbox 532 2101 747 2167; x_wconf 75' lang='lat' dir='ltr'><strong>Anus</strong></span> <span class='ocrx_word' id='word_1_144' title='bbox 791 2098 1042 2166; x_wconf 81' lang='lat' dir='ltr'>MORBI</span> <span class='ocrx_word' id='word_1_145' title='bbox 1078 2099 1392 2168; x_wconf 80' lang='lat' dir='ltr'><strong>FUTURI.</strong></span> 
     </span>
     <span class='ocr_line' id='line_1_21' title="bbox 348 2207 903 2273; baseline 0.002 -5"><span class='ocrx_word' id='word_1_146' title='bbox 348 2207 903 2273; x_wconf 77' lang='lat' dir='ltr'><em>PHRENITIDIS.</em></span> 
     </span>
    </p>
   </div>
   <div class='ocr_carea' id='block_1_10' title="bbox 130 2306 2395 2506">
    <p class='ocr_par' dir='ltr' id='par_1_10' title="bbox 130 2306 2395 2506">
     <span class='ocr_line' id='line_1_22' title="bbox 130 2306 2395 2412; baseline 0.001 -25"><span class='ocrx_word' id='word_1_147' title='bbox 130 2306 406 2387; x_wconf 86' lang='lat' dir='ltr'><strong>Vultus</strong></span> <span class='ocrx_word' id='word_1_148' title='bbox 457 2311 641 2390; x_wconf 72' lang='lat' dir='ltr'><strong>bene</strong></span> <span class='ocrx_word' id='word_1_149' title='bbox 677 2311 1037 2389; x_wconf 83' lang='lat' dir='ltr'><strong>coloratus</strong></span> <span class='ocrx_word' id='word_1_150' title='bbox 1067 2368 1092 2401; x_wconf 86' lang='lat'>,</span> <span class='ocrx_word' id='word_1_151' title='bbox 1138 2309 1490 2399; x_wconf 75' lang='lat' dir='ltr'><strong>tetriCuS,&#39;</strong></span> <span class='ocrx_word' id='word_1_152' title='bbox 1540 2334 1624 2391; x_wconf 86' lang='lat' dir='ltr'><strong>ac</strong></span> <span class='ocrx_word' id='word_1_153' title='bbox 1645 2308 2172 2412; x_wconf 85' lang='lat' dir='ltr'><strong>superciliosus,</strong></span> <span class='ocrx_word' id='word_1_154' title='bbox 2225 2333 2395 2390; x_wconf 87' lang='lat' dir='ltr'><strong>cum</strong></span> 
     </span>
     <span class='ocr_line' id='line_1_23' title="bbox 236 2409 2131 2506; baseline 0.001 -20"><span class='ocrx_word' id='word_1_155' title='bbox 236 2409 474 2489; x_wconf 88' lang='lat' dir='ltr'><strong>ftonte</strong></span> <span class='ocrx_word' id='word_1_156' title='bbox 500 2411 904 2500; x_wconf 60' lang='lat' dir='ltr'><strong>contratia,</strong></span> <span class='ocrx_word' id='word_1_157' title='bbox 955 2413 1033 2488; x_wconf 89' lang='lat' dir='ltr'><strong>in</strong></span> <span class='ocrx_word' id='word_1_158' title='bbox 1077 2412 1341 2488; x_wconf 91' lang='lat' dir='ltr'><strong>morbo</strong></span> <span class='ocrx_word' id='word_1_159' title='bbox 1401 2424 1634 2490; x_wconf 85' lang='lat' dir='ltr'><strong>acuto.</strong></span> <span class='ocrx_word' id='word_1_160' title='bbox 1744 2422 1930 2489; x_wconf 84' lang='lat' dir='ltr'><strong>coac.</strong></span> <span class='ocrx_word' id='word_1_161' title='bbox 1963 2433 2131 2506; x_wconf 86' lang='lat'><em>213.</em></span> 
     </span>
    </p>
   </div>
   <div class='ocr_carea' id='block_1_11' title="bbox 383 2536 2368 2601">
    <p class='ocr_par' dir='ltr' id='par_1_11' title="bbox 383 2536 2368 2601">
     <span class='ocr_line' id='line_1_24' title="bbox 383 2536 2368 2601; baseline 0 -3"><span class='ocrx_word' id='word_1_162' title='bbox 383 2536 762 2601; x_wconf 84' lang='lat' dir='ltr'><strong><em>INSANIAE.</em></strong></span> <span class='ocrx_word' id='word_1_163' title='bbox 2359 2562 2368 2571; x_wconf 89' lang='lat'><strong>·</strong></span> 
     </span>
    </p>
   </div>
   <div class='ocr_carea' id='block_1_12' title="bbox 137 2628 2403 2928">
    <p class='ocr_par' dir='ltr' id='par_1_12' title="bbox 137 2628 2403 2928">
     <span class='ocr_line' id='line_1_25' title="bbox 137 2628 2403 2730; baseline 0 -23"><span class='ocrx_word' id='word_1_164' title='bbox 137 2630 434 2730; x_wconf 83' lang='lat' dir='ltr'><strong>Quibus</strong></span> <span class='ocrx_word' id='word_1_165' title='bbox 463 2633 665 2710; x_wconf 86' lang='lat' dir='ltr'><strong>faciei</strong></span> <span class='ocrx_word' id='word_1_166' title='bbox 706 2629 1119 2711; x_wconf 83' lang='lat' dir='ltr'><strong>incendium</strong></span> <span class='ocrx_word' id='word_1_167' title='bbox 1145 2686 1167 2718; x_wconf 92' lang='lat'>,</span> <span class='ocrx_word' id='word_1_168' title='bbox 1222 2628 1297 2706; x_wconf 73' lang='grc' dir='ltr'><strong>δε</strong></span> <span class='ocrx_word' id='word_1_169' title='bbox 1341 2628 1650 2707; x_wconf 86' lang='lat' dir='ltr'><strong>intensus</strong></span> <span class='ocrx_word' id='word_1_170' title='bbox 1689 2630 1910 2707; x_wconf 87' lang='lat' dir='ltr'><strong>rubor</strong></span> <span class='ocrx_word' id='word_1_171' title='bbox 1956 2629 2289 2721; x_wconf 84' lang='lat' dir='ltr'><strong>solvitur,</strong></span> <span class='ocrx_word' id='word_1_172' title='bbox 2327 2630 2403 2708; x_wconf 71' lang='grc' dir='ltr'><strong>ὅτ,</strong></span> 
     </span>
     <span class='ocr_line' id='line_1_26' title="bbox 243 2728 2400 2832; baseline 0.002 -23"><span class='ocrx_word' id='word_1_173' title='bbox 243 2731 664 2832; x_wconf 84' lang='lat' dir='ltr'><strong>graveolens</strong></span> <span class='ocrx_word' id='word_1_174' title='bbox 707 2732 801 2809; x_wconf 90' lang='lat' dir='ltr'><strong>est</strong></span> <span class='ocrx_word' id='word_1_175' title='bbox 848 2731 983 2808; x_wconf 86' lang='lat' dir='ltr'><strong>alvi</strong></span> <span class='ocrx_word' id='word_1_176' title='bbox 1017 2729 1288 2828; x_wconf 83' lang='lat' dir='ltr'><strong>egestio</strong></span> <span class='ocrx_word' id='word_1_177' title='bbox 1314 2785 1336 2818; x_wconf 93' lang='lat'><strong>,</strong></span> <span class='ocrx_word' id='word_1_178' title='bbox 1390 2729 1796 2809; x_wconf 87' lang='lat' dir='ltr'><strong>redundans</strong></span> <span class='ocrx_word' id='word_1_179' title='bbox 1818 2788 1840 2821; x_wconf 84' lang='lat'>,</span> <span class='ocrx_word' id='word_1_180' title='bbox 1893 2732 1970 2808; x_wconf 68' lang='grc' dir='ltr'><strong>δε</strong></span> <span class='ocrx_word' id='word_1_181' title='bbox 2015 2728 2356 2814; x_wconf 86' lang='lat' dir='ltr'><strong>subrubra</strong></span> <span class='ocrx_word' id='word_1_182' title='bbox 2378 2782 2400 2813; x_wconf 80' lang='grc'><strong><em>,</em></strong></span> 
     </span>
     <span class='ocr_line' id='line_1_27' title="bbox 245 2829 1702 2928; baseline 0 -18"><span class='ocrx_word' id='word_1_183' title='bbox 245 2834 320 2910; x_wconf 85' lang='lat' dir='ltr'><strong>in</strong></span> <span class='ocrx_word' id='word_1_184' title='bbox 358 2831 468 2909; x_wconf 89' lang='lat' dir='ltr'><strong>his</strong></span> <span class='ocrx_word' id='word_1_185' title='bbox 511 2831 785 2910; x_wconf 82' lang='lat' dir='ltr'><strong>insaniae</strong></span> <span class='ocrx_word' id='word_1_186' title='bbox 820 2845 1052 2909; x_wconf 85' lang='lat' dir='ltr'><strong>metus</strong></span> <span class='ocrx_word' id='word_1_187' title='bbox 1094 2829 1214 2913; x_wconf 85' lang='lat' dir='ltr'><strong>est.</strong></span> <span class='ocrx_word' id='word_1_188' title='bbox 1332 2838 1505 2907; x_wconf 72' lang='lat' dir='ltr'><strong>Coae.</strong></span> <span class='ocrx_word' id='word_1_189' title='bbox 1535 2845 1702 2928; x_wconf 83' lang='lat'><strong>624.</strong></span> 
     </span>
    </p>
   </div>
   <div class='ocr_carea' id='block_1_13' title="bbox 362 2968 1061 3032">
    <p class='ocr_par' dir='ltr' id='par_1_13' title="bbox 362 2968 1061 3032">
     <span class='ocr_line' id='line_1_28' title="bbox 362 2968 1061 3032; baseline -0.006 -4"><span class='ocrx_word' id='word_1_190' title='bbox 362 2968 1061 3032; x_wconf 74' lang='lat' dir='ltr'><strong><em>HAEMORRHAGIAE.</em></strong></span> 
     </span>
    </p>
   </div>
   <div class='ocr_carea' id='block_1_14' title="bbox 144 3063 2407 3274">
    <p class='ocr_par' dir='ltr' id='par_1_14' title="bbox 144 3063 2407 3274">
     <span class='ocr_line' id='line_1_29' title="bbox 144 3063 2407 3172; baseline -0.003 -18"><span class='ocrx_word' id='word_1_191' title='bbox 144 3073 392 3155; x_wconf 86' lang='lat' dir='ltr'><strong>Febris</strong></span> <span class='ocrx_word' id='word_1_192' title='bbox 418 3096 589 3149; x_wconf 87' lang='lat' dir='ltr'><strong>cum</strong></span> <span class='ocrx_word' id='word_1_193' title='bbox 614 3069 815 3150; x_wconf 81' lang='lat' dir='ltr'><strong>faciei</strong></span> <span class='ocrx_word' id='word_1_194' title='bbox 862 3070 1122 3147; x_wconf 80' lang='lat' dir='ltr'><strong>rubore</strong></span> <span class='ocrx_word' id='word_1_195' title='bbox 1147 3127 1170 3159; x_wconf 90' lang='lat'><strong>,</strong></span> <span class='ocrx_word' id='word_1_196' title='bbox 1225 3071 1297 3145; x_wconf 73' lang='grc' dir='ltr'><strong>δι</strong></span> <span class='ocrx_word' id='word_1_197' title='bbox 1358 3071 1606 3172; x_wconf 82' lang='lat' dir='ltr'><strong>capitis</strong></span> <span class='ocrx_word' id='word_1_198' title='bbox 1666 3066 2074 3146; x_wconf 81' lang='lat' dir='ltr'><strong>vehementi</strong></span> <span class='ocrx_word' id='word_1_199' title='bbox 2104 3063 2365 3147; x_wconf 85' lang='lat' dir='ltr'><strong>dolore</strong></span> <span class='ocrx_word' id='word_1_200' title='bbox 2381 3124 2407 3162; x_wconf 88' lang='lat'>,</span> 
     </span>
     <span class='ocr_line' id='line_1_30' title="bbox 251 3166 1469 3274; baseline -0.003 -23"><span class='ocrx_word' id='word_1_201' title='bbox 251 3173 325 3250; x_wconf 75' lang='grc' dir='ltr'><strong>δε</strong></span> <span class='ocrx_word' id='word_1_202' title='bbox 354 3196 698 3251; x_wconf 85' lang='lat' dir='ltr'><strong>venarum</strong></span> <span class='ocrx_word' id='word_1_203' title='bbox 758 3166 984 3274; x_wconf 86' lang='lat' dir='ltr'><strong>pulsu.</strong></span> <span class='ocrx_word' id='word_1_204' title='bbox 1095 3178 1271 3248; x_wconf 79' lang='lat' dir='ltr'><strong>coac.</strong></span> <span class='ocrx_word' id='word_1_205' title='bbox 1312 3192 1469 3265; x_wconf 84' lang='lat'>142.</span> 
     </span>
    </p>
   </div>
   <div class='ocr_carea' id='block_1_15' title="bbox 153 3366 1115 3560">
    <p class='ocr_par' dir='ltr' id='par_1_15' title="bbox 153 3366 1115 3560">
     <span class='ocr_line' id='line_1_31' title="bbox 153 3366 1115 3455; baseline -0.008 0"><span class='ocrx_word' id='word_1_206' title='bbox 153 3369 567 3455; x_wconf 87' lang='lat' dir='ltr'><strong>FAMES.</strong></span> <span class='ocrx_word' id='word_1_207' title='bbox 650 3366 1115 3451; x_wconf 88' lang='lat' dir='ltr'>INEDIA.</span> 
     </span>
     <span class='ocr_line' id='line_1_32' title="bbox 280 3494 897 3560; baseline -0.003 -2"><span class='ocrx_word' id='word_1_208' title='bbox 280 3494 382 3558; x_wconf 73' lang='lat' dir='ltr'><strong>Au</strong></span> <span class='ocrx_word' id='word_1_209' title='bbox 432 3494 897 3560; x_wconf 75' lang='lat' dir='ltr'><strong>PRoGNosm.</strong></span> 
     </span>
    </p>
   </div>
   <div class='ocr_carea' id='block_1_16' title="bbox 160 3586 2423 3790">
    <p class='ocr_par' dir='ltr' id='par_1_16' title="bbox 160 3586 2423 3790">
     <span class='ocr_line' id='line_1_33' title="bbox 160 3586 2423 3694; baseline -0.004 -11"><span class='ocrx_word' id='word_1_210' title='bbox 160 3600 408 3683; x_wconf 82' lang='lat' dir='ltr'><strong>Inedia</strong></span> <span class='ocrx_word' id='word_1_211' title='bbox 438 3600 642 3679; x_wconf 87' lang='lat' dir='ltr'><strong>faciei</strong></span> <span class='ocrx_word' id='word_1_212' title='bbox 681 3623 892 3678; x_wconf 85' lang='lat' dir='ltr'><strong>cortu</strong></span> <span class='ocrx_word' id='word_1_213' title='bbox 950 3600 1163 3677; x_wconf 90' lang='lat' dir='ltr'><strong>telam</strong></span> <span class='ocrx_word' id='word_1_214' title='bbox 1209 3597 1405 3675; x_wconf 87' lang='lat' dir='ltr'><strong>velut</strong></span> <span class='ocrx_word' id='word_1_215' title='bbox 1445 3590 1778 3671; x_wconf 84' lang='lat' dir='ltr'><strong>lethalem</strong></span> <span class='ocrx_word' id='word_1_216' title='bbox 1827 3592 2056 3694; x_wconf 78' lang='lat' dir='ltr'><strong>parit,</strong></span> <span class='ocrx_word' id='word_1_217' title='bbox 2107 3586 2227 3669; x_wconf 91' lang='lat' dir='ltr'><strong>sed</strong></span> <span class='ocrx_word' id='word_1_218' title='bbox 2275 3590 2423 3674; x_wconf 61' lang='lat' dir='ltr'><strong>una</strong></span> 
     </span>
     <span class='ocr_line' id='line_1_34' title="bbox 264 3699 2202 3790; baseline -0.006 -11"><span class='ocrx_word' id='word_1_219' title='bbox 264 3700 384 3779; x_wconf 91' lang='lat' dir='ltr'><strong>die</strong></span> <span class='ocrx_word' id='word_1_220' title='bbox 404 3756 429 3790; x_wconf 87' lang='lat'>‚</span> <span class='ocrx_word' id='word_1_221' title='bbox 479 3719 601 3781; x_wconf 78' lang='lat' dir='ltr'><strong>aut</strong></span> <span class='ocrx_word' id='word_1_222' title='bbox 641 3700 851 3787; x_wconf 63' lang='lat' dir='ltr'><strong>noste</strong></span> <span class='ocrx_word' id='word_1_223' title='bbox 940 3699 1295 3778; x_wconf 88' lang='lat' dir='ltr'><strong>niendam.</strong></span> <span class='ocrx_word' id='word_1_224' title='bbox 1403 3703 1583 3772; x_wconf 75' lang='lat' dir='ltr'><strong>Coae.</strong></span> <span class='ocrx_word' id='word_1_225' title='bbox 1619 3717 1702 3778; x_wconf 90' lang='lat'><strong>21</strong></span> <span class='ocrx_word' id='word_1_226' title='bbox 1719 3713 1800 3774; x_wconf 77' lang='grc'><strong>2.·</strong></span> <span class='ocrx_word' id='word_1_227' title='bbox 1841 3703 2101 3772; x_wconf 80' lang='lat' dir='ltr'><strong>Praenot.</strong></span> <span class='ocrx_word' id='word_1_228' title='bbox 2137 3712 2202 3785; x_wconf 78' lang='grc'><strong>3.</strong></span> 
     </span>
    </p>
   </div>
   <div class='ocr_carea' id='block_1_17' title="bbox 2321 3868 2424 3933">
    <p class='ocr_par' dir='ltr' id='par_1_17' title="bbox 2321 3868 2424 3933">
     <span class='ocr_line' id='line_1_35' title="bbox 2321 3868 2424 3933; baseline 0 0"><span class='ocrx_word' id='word_1_229' title='bbox 2321 3868 2424 3933; x_wconf 76' lang='grc' dir='ltr'><strong>ΔΙ)</strong></span> 
     </span>
    </p>
   </div>
   <div class='ocr_carea' id='block_1_18' title="bbox 2618 19 2621 856">
    <p class='ocr_par' dir='ltr' id='par_1_18' title="bbox 2618 19 2621 856">
     <span class='ocr_line' id='line_1_36' title="bbox 2618 19 2621 856; baseline 0 0"><span class='ocrx_word' id='word_1_230' title='bbox 2618 19 2621 856; x_wconf 95' lang='lat' dir='ltr'><strong> </strong></span> 
     </span>
    </p>
   </div>
  </div>
 </body>
</html>
