2644 4428
1118 0 1339 58 uun.
1785 55 1794 64 ,
2216 0 2360 72 119

195 149 348 204 nne
391 123 795 206 intestinum
842 128 1281 228 contingunt
1310 133 1684 208 tumores,
1735 124 2194 228 qualescirca
2232 156 2363 214 ex..

196 238 461 302 tremas
512 227 693 305 uteri
738 224 958 304 osculi
1005 250 1166 306 oras
1196 285 1220 318 ,
1295 251 1466 307 cum
1514 221 1756 306 erec‘lae
1804 231 2095 309 cervicis
2145 228 2361 334 spira-

190 328 492 403 rationis
540 319 957 405 difficultate
981 386 1006 420 ,
1059 329 1419 406 eveniunt.
1538 330 1745 424 Quin
1795 333 2033 424 etiam⁴
2059 329 2355 430 fortaffls

195 424 962 520 hujusmodi-tumores
992 428 1473 527 gemellorum
1512 444 1790 530 partum
1836 433 2347 532 praenunciant,

192 541 320 603 aut
359 524 544 605 forte
590 524 1085 607 convulfiones
1109 579 1135 612 .,
1179 543 1503 609 tumores
1552 527 1968 629 hujusmodi
2006 532 2343 611 indicant.

201 632 375 703 Coac.
407 650 570 721 539.
608 650 770 722 529.
1142 657 1147 664 ·

80 719 285 819 Qut
333 742 496 804 ante
559 731 962 828 partionem
1011 729 1091 805 in
1138 727 1443 808 modum
1494 728 1801 810 cholerae
1871 731 2109 809 morbi
2175 730 2350 810 affli-

188 839 463 925 guntur
488 884 510 916 ,
559 827 797 906 faciles
832 827 1127 927 quidem
1178 845 1420 928 partus
1463 831 1706 908 edunt.
1830 827 2053 908 Febre
2105 844 2347 909 autem

190 938 508 1015 tentatae,
561 927 881 1030 maligne
902 927 1413 1017 habenti-tum
1461 930 1633 1007 vero
1657 928 2050 1047 praecipue,
2085 929 2143 1007 fi
2170 929 2350 1032 quid

185 1023 425 1104 fauces
467 1041 679 1105 vexet
702 1084 727 1118 ,
797 1041 919 1108 aut
959 1029 1035 1104 in
1080 1028 1275 1107 febre
1331 1030 1632 1130 maligni
1671 1029 1942 1133 aliquid
1985 1046 2343 1134 appareat.

201 1133 374 1203 coac.
558 1186 577 1206 .
662 1187 669 1196 .

77 1221 173 1306 In
215 1147 551 1303 uteruir}5
584 1228 983 1317 erentibue,
1037 1227 1474 1329 salsuginosae
1516 1229 1606 1308 ad
1643 1228 1881 1311 fauces
1928 1228 2284 1309 fluxiones
2314 1285 2341 1322 ,
2447 1213 2462 1254 ⁸

187 1327 460 1404 malum
550 1331 953 1408 enunciant.
1057 1337 1235 1407 Coae.
1268 1352 1431 1425 537.

306 1449 563 1518 NOTA:
609 1446 1056 1522 LETHALES.
2084 1474 2094 1480 -

78 1535 165 1624 Si
223 1544 504 1717 m'nlieri
555 1547 954 1649 praegnanti
1010 1542 1380 1647 erysipelas
1435 1545 1512 1625 in
1564 1558 1770 1627 utero
1830 1545 1951 1626 fiat
1989 1603 2013 1636 ,
2063 1543 2339 1630 lethale.

72 1742 471 1827 Mulierem
492 1673 597 1822 4in
644 1760 851 1824 utero
892 1755 1263 1844 gerentem
1295 1793 1317 1823 2
1370 1742 1459 1820 ab
1518 1756 1733 1823 acuto
1785 1743 2031 1844 aliquo
2075 1746 2343 1824 morbo

189 1849 507 1946 corripi,
562 1844 847 1924 lethale·
889 1847 1049 1939 Aph.
1087 1851 1158 1922 V.
1208 1866 1319 1937 30.
1877 1875 1882 1880 ·
2221 1859 2232 1872 ·

83 1941 629 2045 Praegnantibns
671 1943 1128 2042 salsuginosa.
1179 1942 1342 2044 post
1390 1953 1670 2044 partum
1714 1941 2065 2021 molestias
2108 1963 2202 2019 ex
2242 1941 2352 2021 al·

187 2044 293 2121 bis
352 2046 810 2124 mordacibus
860 2044 1307 2123 denunciant.
1435 2041 1902 2142 Purgationes
1933 2042 2345 2138 hujusmodi

184 2144 519 2224 duritiem
572 2144 915 2225 adferunt.
1005 2143 1086 2225 ln
1124 2141 1233 2221 his
1269 2140 1614 2244 singultus
1648 2143 1844 2222 malo
1890 2142 2021 2231 est,
2076 2146 2151 2221 &
2190 2157 2350 2220 ute-

183 2269 436 2325 rorum
489 2246 934 2349 procidentia
958 2296 980 2328 ‚
1033 2267 1195 2348 quae
1235 2246 1311 2324 ει
1352 2243 1499 2323 una
1543 2241 1891 2323 interficit.
1951 2252 2135 2322 coac.
2171 2255 2336 2339 526.

208 2382 301 2446 AD
354 2382 814 2450 THERAPIAM.

72 2482 529 2585 Praegnantes
574 2484 959 2589 purgandae
999 2541 1024 2574 ,
1076 2478 1125 2559 fi
1171 2480 1459 2561 materia
1505 2490 1789 2578 turgeat
1824 2537 1848 2573 ,
1918 2477 2348 2582 quadrimes-

182 2600 366 2676 tres,
445 2587 520 2663 δι
574 2586 794 2688 usqne
820 2585 923 2664 'ad
977 2584 1355 2685 septimum
1403 2578 1712 2657 mensem
1754 2604 1774 2656 z
1824 2579 1935 2659 11ae
1991 2574 2163 2661 vero
2209 2582 2345 2657 mi·

182 2708 340 2762 nns.
437 2683 774 2786 Juniores
819 2700 1057 2764 autem
1091 2740 1114 2771 ,
1191 2683 1266 2761 δε
1318 2678 1628 2758 seniores
1677 2678 1901 2761 foetus
1926 2736 1950 2771 ,
2004 2682 2209 2760 caute
2244 2681 2346 2761 vi·

182 2797 331 2862 tare
367 2800 682 2883 oportet.
781 2786 940 2882 Apb.
984 2792 1092 2862 IV.
1131 2809 1196 2861 1.
1266 2788 1341 2860 V.
1372 2802 1489 2873 29.

78 2884 163 2967 Si
202 2907 576 2986 praegnans
613 2883 1067 2965 intumescat,
1104 2882 1363 2962 urtioee
1394 2878 1634 2958 semen·
1673 2878 2340 2982 quamplurimum.

181 3008 352 3063 cum
405 2984 663 3076 melle,
713 2986 789 3063 &
838 2987 1013 3063 vino
1061 2982 1377 3061 odorato
1405 3030 1428 3061 ,
1492 2980 1678 3081 aqua
1732 2991 2133 3079 temperato
2160 3033 2184 3068 ,
2237 2979 2348 3055 bie

181 3087 261 3163 in
302 3085 419 3163 die
467 3087 546 3162 in
595 3099 782 3188 potu
823 3082 1339 3165 exhibendum.
1444 3085 1549 3158 De
1582 3081 1798 3158 Μαι-Ι).
1828 3080 2007 3159 Mul.

76 3280 695 3366 GRAVITAS
770 3277 1391 3367 CORPORIS.

78 3406 408 3489 Gravitas
444 3432 604 3509 quae
636 3423 879 3488 totum
921 3430 1185 3507 corpus
1213 3464 1235 3498 ‚
1285 3403 1398 3484 vel
1451 3426 1745 3494 manus,
1801 3426 1886 3482 ac
1928 3400 2147 3519 pedes
2181 3420 2346 3503 pre-.-

183 3511 362 3597 mit,
414 3509 662 3591 vitiosa
687 3509 804 3588 est.
906 3508 1142 3604 Quod
1182 3504 1236 3584 fi
1263 3530 1433 3596 cum
1485 3506 1875 3604 gravitate,
1927 3503 2131 3603 digin
2154 3522 2346 3604 quo·

96 3702 109 3715 .
187 3630 331 3710 que
378 3631 461 3686 ac
509 3634 791 3712 ungues
842 3606 1036 3687 lividi
1083 3606 1294 3692 fiant.
1349 3606 1428 3685 in
1486 3612 1906 3709 propinquo
1964 3626 2161 3683 mors
2203 3599 2338 3707 vest.

192 3717 371 3787 Coaec.
394 3728 562 3806 493.
624 3794 637 3803 ,
1138 3808 1213 3891 H
1259 3837 1312 3912 4
1868 3792 1908 3815 ,,
2081 3800 2338 3885 ΕΠΤ.
