2644 4428
229 53 375 121 106
776 37 1045 122 AUR.
1103 37 1471 122 CORN.
1527 38 1908 122 CELSI.

222 201 495 281 inutilis
527 198 747 277 nimia
764 199 1201 277 abstinentia.
1262 198 1463 297 Saepe
1489 195 1539 273 {i
1576 222 1718 300 qua
1749 196 2284 300 intemperantia
2319 197 2484 279 sub-
2601 198 2623 282 I

225 302 362 390 est,
417 303 640 377 tutior
681 299 780 376 est
820 301 896 375 in
926 302 1267 400 potione,
1300 321 1520 400 quam
1537 300 1619 375 'in
1645 297 1816 377 esca.
1863 296 1946 377 L.
1978 325 2038 378 1.
2069 324 2131 378 c.
2159 323 2225 381 2.
2261 325 2335 401 p.
2356 321 2480 394 23.
2605 331 2623 379 2

326 412 619 495 XXIX.
693 413 1014 492 Secunda
1055 412 1289 492 mensa
1331 414 1532 492 bono
1583 414 1949 495 stomacho
1989 414 2170 493 nibil
2211 429 2433 495 nocet
2454 470 2479 504 ,
2603 430 2622 475 ²-

224 518 305 595 in
356 514 714 592 imbecillo
749 512 1106 592 coacescit.
1160 511 1240 592 L.
1278 536 1334 591 1.
1372 537 1430 593 c.
1461 536 1526 591 2.
1554 538 1623 614 p.
1655 536 1770 611 24.
2607 532 2623 577 a

325 612 588 696 XXX.
666 612 831 693 Post
904 612 1287 692 satietatem
1358 611 1539 709 nihil
1598 613 2006 716 agendum·=
2078 611 2161 695 L.
2207 636 2270 695 1.
2318 638 2380 694 c.
2411 635 2484 695 2.

230 732 301 819 p·
328 736 619 895 XXXI.
673 813 817 892 Ubi
856 814 1180 910 expletus
1223 812 1320 930 ².st
1356 814 1610 916 aliquis
1653 870 1675 903 ,
1723 813 1997 933 facilius·
2040 814 2443 933 concoquit
2461 774 2496 898 ‚⁸
2611 812 2622 879 ἕ

226 912 282 993 fi
310 914 655 1018 quicquid
681 908 1074 1013 assumpsit,
1128 930 1429 1013 potione
1455 936 1654 1014 aquae
1678 914 1951 1014 frigidae
1975 916 2302 1004 meludit,
2329 930 2500 992 tum
2621 976 2622 983 κ

228 1015 580 1117 paulisper
614 1013 973 1112 invigilat,
1016 1013 1273 1090 deinde
1315 1014 1498 1091 bene
1532 1012 1824 1092 dormit.
1875 1012 2052 1096 LJ.
2082 1039 2142 1094 c.
2169 1039 2232 1095 2.
2267 1040 2338 1117 p.
2365 1033 2484 1111 24.
2615 1034 2622 1081 ·.

333 1125 664 1209 XXXII.
721 1126 978 1229 Neque
1007 1150 1099 1204 ex
1129 1125 1380 1205 salubri
1410 1127 1580 1206 loco
1616 1130 1694 1204 in
1735 1152 2026 1228 gravem
2048 1185 2073 1219 ,
2121 1152 2360 1231 neque
2395 1149 2492 1206 ex

229 1231 434 1333 gravi
474 1230 550 1304 iu
576 1225 921 1308 salubrem
964 1225 1287 1307 transitus
1304 1228 1467 1307 satIs
1509 1242 1705 1307 tutus
1731 1229 1847 1307 est.
1878 1227 1960 1308 L.
2000 1255 2058 1307 1.
2090 1253 2149 1307 c.
2179 1249 2333 1329 3.p.
2364 1249 2487 1323 24.
2617 1234 2623 1281 ³

330 1338 688 1422 XXXIII.
745 1340 1005 1439 Neque
1056 1337 1230 1420 vero
1259 1364 1351 1419 ex
1412 1344 1631 1422 multa
1685 1343 1872 1424 fame
1917 1349 2136 1425 nimia
2171 1344 2504 1433 satietas,
2619 1434 2622 1455 2

228 1466 467 1544 neque
491 1464 584 1517 ex
612 1444 827 1519 nimia
862 1442 1166 1519 satietate
1203 1441 1423 1521 fames
1453 1445 1712 1522 idonea
1734 1445 1848 1523 est.
1902 1444 1982 1527 L.
2013 1471 2072 1522 1.
2101 1470 2161 1523 c.
2191 1469 2251 1540 3.
2276 1468 2347 1544 p.
2373 1464 2490 1539 24.
2621 1472 2622 1557 ;

330 1552 702 1636 XXXIV.
751 1552 1187 1635 PeriClitatut
1211 1555 1279 1631 81
1309 1558 1434 1655 qui
1459 1555 1692 1644 semel,
1715 1558 1790 1634 δι
1870 1563 1943 1636 ui
1967 1560 2070 1636 bis
2107 1558 2222 1634 die
2245 1557 2508 1635 cibum

229 1657 760 1749 incontiuenter
813 1669 1067 1736 contra
1112 1654 1703 1735 consuetudinem
1843 1660 2035 1738 umit.
2089 1655 2169 1736 L
2225 1681 2282 1734 1.
2316 1680 2382 1735 c.
2415 1678 2489 1750 3·

230 1781 304 1859 p·
332 1780 666 1971 XXXV.
705 1850 977 1971 'Neque
1015 1877 1107 1963 ex
1134 1855 1385 1966 ‚nimio
1430 1855 1675 1933 labore
1698 1854 2005 1971 subitum
2045 1855 2338 1943 ocium,
2372 1878 2506 1933 ne·

234 1978 379 2058 que
426 1977 518 2031 ex
548 1975 776 2030 mmio
799 1975 966 2028 ocio
1002 1954 1263 2031 lubitus
1305 1954 1526 2043 labor,
1568 1952 1713 2032 fine
1807 1979 1949 2035 ravi
1984 1978 2179 2034 noxa
2202 1955 2317 2033 est.
2340 1955 2498 2031 ibid.

333 2050 705 2133 XXXVI.
758 2049 950 2131 cum
1055 2055 1162 2129 uis
1221 2068 1491 2131 mutare
1532 1979 1804 2155 aliqui&
1848 2056 2096 2146 volet,
2149 2053 2502 2157 paulatim

235 2154 534 2236 debebit
576 2150 974 2231 assuescere.
1150 2175 1206 2230 1.
1234 2176 1296 2233 c..
1331 2176 1393 2248 3.
1427 2177 1494 2254 p.
1532 2174 1643 2248 25.

333 2251 735 2335 XXXVII.
792 2250 1029 2330 Nimis
1072 2253 1311 2331 ociosa
1356 2256 1495 2332 vita
1530 2254 1717 2333 utilis
1762 2278 1916 2333 non
1965 2255 2105 2340 est.
2159 2255 2324 2356 quia
2359 2278 2504 2357 po-

234 2356 366 2436 test
399 2354 711 2432 incidere
745 2352 1001 2430 laboris
1035 2351 1405 2431 neceffitas.
1459 2352 1540 2433 L.
1570 2381 1625 2430 1.
1657 2379 1717 2432 c.
1761 2379 1821 2449 3.
1851 2379 1922 2456 p.
1967 2378 2083 2448 25.

335 2450 773 2533 XXXVIII.
822 2450 1003 2531 Illud
1039 2449 1233 2529 noffe
1259 2468 1573 2552 oportet,
1607 2455 1810 2556 quod
1846 2478 1939 2532 ex
1981 2456 2224 2533 labore
2244 2452 2502 2531 sudan-

236 2556 294 2632 ti
319 2555 594 2651 frigidae
636 2555 845 2653 potio
875 2549 1435 2650 perniclofiffima
1460 2553 1592 2649 estj:
1630 2570 1844 2654 atque
1860 2558 2072 2633 etiam
2088 2579 2255 2633 cum
2284 2553 2507 2633 sudor

238 2653 307 2732 se
330 2650 627 2738 remifit,
688 2654 936 2729 itinere
977 2650 1277 2750 fatigatis
1318 2654 1598 2731 inutssis,
1649 2652 1729 2733 L.
1778 2680 1834 2732 ι.
1863 2677 1923 2732 e.
1958 2678 2018 2748 3.
2047 2678 2117 2754 p.
2151 2665 2266 2734 26.

338 2748 719 2831 XXXIX.
798 2749 1016 2829 Levat
1069 2749 1533 2830 laffitudinem
1587 2757 1802 2831 etiam
1851 2754 2109 2831 laboris
2158 2754 2505 2832 mutatio:

240 2875 604 2954 eumque,
657 2874 878 2953 quem
923 2874 1197 2928 novum
1244 2876 1474 2951 genus
1519 2853 1881 2947 cujusdam
1923 2852 2182 2932 laboris
2218 2850 2457 2956 ptessit
2483 2904 2506 2935 ‚

239 2955 315 3033 id
354 2950 557 3055 quod
594 2953 668 3027 in
707 2948 1215 3028 consuetudine
1264 2951 1401 3040 est,
1454 2951 1692 3030 reficit.
1756 2951 1830 3032 L.
1870 2979 1929 3029 1.
1962 2976 2022 3031 c.
2057 2977 2118 3048 3.
2154 2976 2225 3053 p.
2261 2965 2375 3032 26.

341 3065 506 3146 XL.
586 3063 817 3160 Quod
879 3077 1127 3143 contra
1171 3063 1759 3144 consuetudinem
1818 3064 1916 3142 est
1941 3120 1992 3153 ,.
2035 3076 2253 3144 uocet
2283 3119 2306 3152 ,
2383 3061 2512 3143 seu

241 3168 509 3245 molle,
563 3164 681 3243 seu
724 3164 985 3242 durum
1026 3163 1143 3240 est.
1196 3163 1274 3243 L.
1319 3190 1382 3241 1.
1410 3188 1468 3241 c.
1513 3187 1575 3257 3.
1600 3188 1670 3265 p.
1703 3187 1818 3261 27.

343 3275 534 3357 XLI.
616 3277 803 3355 Ante
863 3278 1106 3354 omnia
1149 3276 1315 3355 scire
1362 3280 1705 3354 convenit
1746 3287 2068 3354 naturam
2130 3278 2514 3374 corporis:

300 3380 413 3456 ula
473 3377 587 3452 alii
639 3378 932 3475 graciles
962 3434 980 3462 ,
1034 3376 1150 3453 alii
1191 3372 1389 3453 obefi
1437 3374 1633 3468 sunt;
1687 3376 1802 3453 alii
1845 3374 2099 3462 calidi,
2162 3375 2280 3452 alii
2312 3375 2522 3474 frigi-

243 3403 528 3562 giomi-»3
580 3479 699 3553 alii
755 3473 1071 3555 humidi.
1127 3477 1241 3554 alii
1275 3474 1634 3569 fleciores3
1686 3476 1862 3553 alios
1922 3474 2279 3565 adstricta,
2329 3478 2515 3555 alios

245 3577 552 3657 resoluta
587 3576 784 3652 alvus
834 3589 1132 3654 exercet.
1184 3574 1258 3654 L.
1295 3598 1355 3653 1.
1396 3598 1456 3651 c.
1487 3598 1545 3668 3.
1578 3599 1647 3676 p.
1687 3598 1801 3670 27.
1836 3578 1909 3652 ἃ
1934 3591 2049 3662 23.

349 3673 572 3756 XLII.
614 3673 799 3752 Raro
828 3674 1194 3778 quisquam
1226 3699 1378 3753 non
1394 3675 1698 3775 aliquam
1725 3689 1996 3778 partem
2025 3674 2351 3777 corporis
2379 3676 2522 3753 im.

245 3776 583 3860 beciuam
608 3774 840 3855 habet.
894 3774 971 3856 L.
1016 3802 1078 3854 1.
1111 3799 1171 3855 c.
1213 3797 1273 3868 3.
1306 3799 1380 3877 p.
1413 3787 1529 3865 28.

1266 3917 1271 3922 ·
2057 3879 2319 3969 XLIII.
2368 3881 2531 3967 Vo-
