2644 4428
1045 3 1786 150 PRAEEATIQ

265 204 617 332 amplius
697 203 963 300 restet
979 262 1057 311 ,
1098 232 1221 317 ex
1284 220 1597 290 naturae
1669 195 2006 314 ingenio
2095 197 2547 310 exploran-

273 323 643 422 dum..

497 548 583 634 N
583 542 937 631 eceffitas
993 557 1272 628 autem
1335 536 1585 648 hujus
1645 534 2209 678 Semeiologiae
2267 564 2370 623 ex
2424 561 2556 619 eo

272 680 617 786 apparet
638 730 662 776 ‚
750 671 984 783 quod
1055 666 1326 809 ignoti
1391 671 1612 755 nulla
1680 667 1780 752 fit
1856 663 2173 750 curatio
2229 661 2555 749 morbi.

272 796 551 912 Hujus
619 818 899 884 autem
972 794 1347 907 cognitio
1427 822 1608 880 non
1684 791 1829 880 nisi
1901 787 1949 875 ὲ
2023 787 2557 917 posteriori,

275 953 434 1076 per
481 922 702 1010 viam
753 925 1174 1033 signorum
1206 922 1326 1004 fit
1383 920 1975 1032 consequenda
2088 922 2279 1042 Jam
2322 914 2558 1003 verb

273 1060 362 1146 in
437 1052 952 1163 explorandis
1023 1054 1108 1137 &
1162 1047 1642 1135 stabiliendis
1719 1050 2223 1137 morborum
2298 1048 2560 1161 fignis

280 1183 363 1268 &
414 1177 808 1290 praesagiis
844 1237 870 1281 ,
936 1173 1186 1288 quam
1236 1176 1633 1321 insignem
1677 1178 1756 1262 se
1805 1174 2286 1288 magistrum
2334 1202 2560 1286 prae-

276 1312 468 1394 beat
534 1303 1290 1394 HIPPOCRATES
1317 1361 1343 1408 ‚
1405 1304 1629 1389 varia
1694 1304 1866 1415 ejus
1925 1303 2217 1415 scripta
2250 1361 2275 1407 ,
2332 1329 2561 1414 prae-

276 1425 552 1513 sertim
624 1424 1195 1567 aphoristica‚
1275 1433 1597 1515 abunde
1663 1429 2126 1537 testantur,
2221 1429 2282 1513 fi
2339 1455 2555 1517 cum

276 1554 704 1665 perpetuis
762 1572 1072 1638 naturae
1131 1552 1440 1665 iegibus
1462 1614 1489 1659 ‚
1547 1557 1631 1642 ὅτ
1689 1554 2258 1667 phoenomenis
2311 1542 2556 1637 sedu-

279 1670 370 1759 1ὸ
437 1678 991 1762 conferantur.
1113 1681 1315 1762 Pace
1357 1680 1438 1765 ὅ(
1480 1677 1720 1766 venia
1761 1679 2114 1765 aliorum
2166 1677 2555 1787 dixerim,

282 1812 580 1920 absque
633 1811 950 1892 horum
997 1808 1426 1920 fignorum
1475 1807 1769 1893 notitia
1822 1811 1903 1896 ὅ(
1955 1807 2306 1917 peritia,
2367 1837 2556 1897 me-

216 2006 222 2027 ,
284 1940 563 2027 dicum
620 1934 709 2020 in
780 1932 1360 2078 cognoscendis
1437 1938 1750 2022 morbis
1821 1941 2058 2025 valde
2126 1938 2468 2051 caligare
2518 2008 2552 2055 ‚

284 2070 661 2179 adeoque
721 2065 804 2151 ὅ(
866 2064 955 2149 in
1015 2061 1386 2177 therapia
1440 2065 1902 2152 eorundem
1951 2064 2226 2153 minus
2294 2062 2555 2163 felici..

285 2209 413 2279 ter
469 2188 788 2278 versari

474 2433 953 2544 Quantum
1025 2427 1246 2515 enim
1297 2430 1479 2515 haec
1546 2428 2090 2544 Semeiologia
2143 2437 2258 2520 ad
2308 2429 2543 2520 mor-

286 2566 598 2649 borum
654 2553 1217 2668 cognitionem
1238 2612 1263 2659 ‚
1324 2573 1652 2642 tantum
1704 2557 2043 2670 perinde
2099 2563 2200 2655 ad
2256 2563 2548 2673 genui·-

286 2708 482 2765 nam
536 2680 915 2765 medendi
965 2682 1467 2770 methodum
1528 2683 1751 2767 valet
1777 2738 1804 2786 ‚
1863 2704 2137 2794 eoque
2197 2675 2548 2771 nomine

111 2800 119 2808 ’
284 2801 777 2917 ampliffimo
798 2912 807 2926 ι
827 2805 980 2890 usu
1031 2806 1112 2887 se
1163 2805 1712 2889 commendat·
1833 2797 2029 2924 Qa
2093 2799 2252 2893 late}
2308 2813 2546 2921 patet'

284 2929 452 3045 ipsa
522 2927 791 3042 praxis
873 2927 1184 3015 medica
1220 2988 1247 3035 ‚
1338 2927 1430 3013 in
1483 2929 1797 3013 morbis
1881 2950 2067 3018 tum
2121 2926 2462 3023 internis
2509 2935 2549 3045 ‚⁸

290 3078 478 3144 tum
533 3054 883 3142 externis
905 3114 931 3159 ‚
992 3072 1171 3174 tam·
1201 3055 1456 3142 acutis
1476 3116 1503 3163 ,
1563 3052 1815 3169 quam
1849 3061 2256 3149 chronicis
2279 3124 2306 3170 ,
2360 3058 2550 3152 nul-⁸

288 3193 375 3275 lo
433 3211 729 3296 genere
766 3203 1159 3296 excepto
1203 3241 1229 3288 ,
1331 3179 1625 3295 utique
1686 3189 1817 3269 hae
1891 3205 2116 3273 notae
2183 3192 2336 3277 usu
2373 3221 2545 3298 ⁸ve-

284 3314 552 3400 niunt.
690 3314 954 3454 Qod
1020 3327 1206 3395 tum
1262 3309 1481 3413 su0,
1561 3326 1747 3395 tum
1813 3336 2232 3423 aegrorum
2305 3315 2554 3402 com-'

283 3442 550 3525 modo
619 3436 1164 3552 experiuntur
1196 3496 1222 3545 ‚
1282 3436 1581 3551 quibus
1646 3435 2008 3525 studium
2065 3440 2226 3550 est,
2284 3444 2372 3530 in
2423 3444 2550 3530 fa:

283 3560 564 3649 cienda
592 3559 1048 3667 medicina,
1106 3564 1410 3648 cafibus
1447 3564 1666 3647 forte
1702 3564 2048 3650 oblatis
2008 3626 2036 3672 ,
2094 3595 2288 3659 cum
2332 3592 2537 3680 pru-

286 3683 556 3773 dentia
628 3690 710 3775 ὅ(
767 3685 1243 3773 dexteritate
1309 3686 1480 3776 inas
1541 3688 1972 3802 applicare.
2156 3709 2165 3724 ·

2359 3815 2541 3902 Nec
