2644 4428
700 62 981 147 nuc.
1564 65 1816 155 FEBR.
2285 71 2398 178 ,ς

244 219 509 289 NOTA:
547 220 791 286 ALIUS
830 224 1110 289 Molee!
1141 224 1471 291 FUTURI.

325 338 917 404 CONVULSIONIS.

96 459 452 543 Faucium
499 464 875 562 gracilium
925 462 1394 564 praefocantes
1435 465 1767 550 dolores.
1821 457 1947 548 ubi
1986 492 2080 550 ex
2124 478 2379 577 capitis

215 563 476 642 dolore
515 577 761 642 ortum
811 564 1188 655 duxerint,
1240 566 1749 648 convulsiones
1792 568 2137 651 adferunt.
2196 584 2371 658 coac.

216 679 383 741 262.
440 664 715 739 Praediffl.
773 673 824 742 1.
858 687 1015 761 104.

94 760 594 844 vehementes
622 764 935 843 faucium
965 764 1291 852 dolores,
1351 770 1627 846 aurium
1667 770 2034 850 tubercula
2076 771 2150 848 &
2192 789 2384 855 con-¹

214 859 578 1054 ἓῒὲίεῑοὲἓεὸ
602 868 917 944 excitant
944 889 970 959 3
1018 867 1336 964 itemque
1357 870 1647 949 cervicis
1668 925 1692 960 ,
1726 894 1815 950 ac
1838 867 2010 951 colli
2045 871 2355 957 dolores.

324 1095 865 1161 PAROTIDUM.

94 1207 401 1308 Quibus
444 1207 535 1284 ad
557 1204 794 1286 fauces
826 1205 1261 1285 irritamenta
1298 1201 1520 1296 fiunt,
1569 1205 1655 1286 iis
1688 1208 2052 1292 moderata
2078 1220 2365 1302 aurium

201 1308 574 1387 tubercula
630 1308 1046 1386 excitantur.
1154 1314 1330 1386 (ἴσαι.
1366 1323 1536 1406 264.

327 1432 888 1497 PHRENIUDIS.

92 1551 260 1636 Ubi
300 1549 536 1630 fauces
580 1549 656 1624 in
696 1545 970 1624 morbis
1012 1547 1230 1625 acutis
1252 1545 1549 1646 graciles
1571 1544 1752 1625 fiunt
1770 1605 1793 1637 ,
1843 1572 2100 1650 patvae,
2117 1578 2202 1635 ac
2216 1556 2353 1635 do-

198 1654 471 1742 lentes,
523 1662 737 1749 atque
775 1647 898 1726 ubi
942 1670 1029 1724 os
1060 1645 1270 1724 hiarit
1301 1702 1326 1735 ‚
1376 1644 1431 1724 fi
1472 1647 1737 1746 gracile
1769 1668 2148 1750 appareat,
2208 1681 2350 1737 uec

194 1752 405 1834 facile
474 1747 798 1828 contrahi
842 1745 1057 1847 possit
1078 1795 1101 1828 ‚
1179 1748 1442 1827 mentis
1519 1750 1967 1825 emotionem
2036 1767 2357 1835 metuere

193 1867 494 1956 oportet
532 1875 549 1926 z
602 1847 917 1949 indeque
977 1846 1352 1927 succedens
1399 1845 1744 1947 phrenitis
1785 1852 2178 1952 perniciosa
2226 1857 2354 1937 est.

197 1963 385 2032 Coae.
417 1975 586 2049 275.
637 1949 918 2024 Praediff.
947 1955 999 2024 1.
1040 1972 1153 2026 11.
1557 2003 1566 2010 -
1853 1963 1862 1982 ³

82 2162 517 2256 FEBRIS
597 2181 687 2241 m
738 2181 1053 2240 omen.

208 2293 315 2362 AD
354 2284 801 2355 D1AGN081N.

311 2392 590 2456 VARIAE
644 2389 918 2454 NOTAE.

80 2498 427 2583 Calidum
472 2494 705 2573 solum
743 2515 898 2571 non
949 2490 1049 2568 est
1082 2488 1392 2568 febrium
1433 2486 1634 2568 causa
1659 2547 1685 2580 ,
1752 2489 1872 2569 sed
1916 2492 2229 2576 calidum
2265 2501 2345 2580 Gt

185 2620 509 2679 amarum
546 2592 751 2670 fimul
776 2650 801 2684 ,
851 2591 1165 2670 calidum
1209 2589 1285 2668 Sc
1342 2588 1627 2668 acidum
1666 2643 1692 2677 ‚
1755 2592 2069 2673 calidum
2103 2599 2179 2676 δι
2216 2599 2346 2682 sal.

178 2700 382 2783 sum,
436 2696 715 2795 aliaque
751 2694 1146 2769 innumera.
1253 2696 1355 2765 De
1399 2697 1529 2768 Vct.
1571 2690 1734 2771 med.

79 2799 284 2881 AEtas
331 2796 745 2873 dentitionis
788 2792 1103 2869 febribus
1150 2789 1487 2868 obnoxia.
1590 2794 1752 2885 aph.
1779 2797 1901 2868 111.
1933 2814 2053 2891 25.

79 2900 350 3000 Quum
384 2894 574 2975 aestas
618 2891 700 2969 fit
744 2893 894 2969 veri
941 2888 1223 2970 similis,
1277 2888 1572 2967 sudores
1605 2894 1684 2969 in
1720 2891 2033 2972 febribus
2068 2898 2340 2981 multoe

184 2994 556 3098 expectare
598 3007 907 3092 oportet.
1010 2992 1168 3083 Aph.
1198 2997 1316 3065 Ill.
1347 3003 1418 3065 6.

77 3096 388 3199 Linguae
422 3093 777 3171 bisulcum
806 3090 1001 3168 velut
1037 3089 1243 3168 saliva
1282 3088 1436 3167 alba
1479 3087 1917 3171 obductum.
1966 3091 2182 3172 febris
2225 3119 2338 3174 re-

32 3288 35 3295 ,
182 3195 590 3276 mistionem
633 3191 899 3269 indicat
925 3246 949 3277 ,
1005 3213 1098 3268 eo
1151 3188 1447 3291 quidem
1484 3244 1507 3276 ,
1559 3189 1762 3289 quod
1801 3206 2142 3286 agnatum
2177 3196 2278 3275 est
2305 3254 2330 3289 ,

179 3295 404 3377 crasso
451 3292 791 3371 existente
818 3348 841 3381 ,
893 3290 1153 3367 eodem
1191 3289 1351 3367 die:
1407 3286 1457 3362 fi
1508 3284 1678 3364 vero
1735 3294 2020 3368 tenuius
2068 3292 2282 3375 fuerit
2307 3354 2332 3390 ,

238 3396 560 3473 ostridie:
616 3390 953 3486 perendie
995 3412 1294 3489 quoque
1324 3437 1347 3470 ,
1411 3385 1467 3463 fi
1502 3387 1740 3464 adhuc
1782 3395 2065 3469 tenuius
2099 3394 2332 3477 fuerit.

178 3422 446 3576 Eadem
498 3495 712 3571 etiam
754 3488 1173 3589 significatio
1227 3488 1373 3570 est.
1444 3485 1497 3563 fi
1527 3487 1709 3565 -haec
1752 3489 1939 3568 circa
1981 3491 2335 3577 summam

183 3596 507 3693 linguam
553 3588 1031 3687 confingant,
1085 3592 1324 3665 minus
1361 3600 1599 3663 tamen
1647 3585 1880 3667 firma:
1938 3600 2118 3672 Coae.
2158 3619 2326 3691 230.

77 3697 372 3793 Quibus
420 3696 495 3768 in
532 3694 729 3771 febre
763 3692 854 3766 ad
899 3687 1144 3764 dentes
1187 3687 1442 3765 viscosa
1464 3690 2154 3787 circumnascuntur,
2215 3695 2331 3774 his

172 3797 407 3878 febres
442 3791 620 3875 fiunt
663 3790 1253 3873 vehementiores.
1333 3787 1491 3885 Aple.
1520 3794 1633 3869 IV.
1671 3809 1780 3885 53.
2172 3892 2272 3991 Q
2309 3897 2330 3915 ·

2256 3918 2330 3975 ur
