2644 4428
817 71 1522 164 aramma.

78 224 256 325 m
302 226 655 306 vertere.
774 213 897 302 Hi
958 238 1321 329 namque
1387 207 1659 298 Vobis
1720 210 1814 300 in
1882 212 2316 306 semeiolo-

80 344 214 454 giae
266 346 353 432 δι
402 341 787 459 therapiae
838 339 1182 428 medicae
1222 334 1494 427 studio
1526 398 1558 446 ,
1635 337 1743 427 ad
1784 360 2169 431 naturam
2221 346 2312 434 8:

80 467 521 559 affeffiones
556 465 903 557 humani
967 465 1327 580 corporis
1362 461 1622 577 probe
1667 467 2311 580 cognoscendas,

82 591 169 681 ad
196 595 682 685 morborum
714 589 1011 708 judicia
1049 595 1135 680 δι
1192 590 1574 707 praeffigia
1614 589 1833 679 1·εὸὶὲ
1879 591 2314 679 instituen-

84 717 169 806 da
187 780 212 826 ,
266 748 424 809 nec
459 745 639 808 non
676 714 785 805 ad
811 716 1325 803 curationem
1352 714 1681 805 illorum
1721 734 1961 807 tanto
2001 712 2313 803 facilius

82 869 157 929 ac
205 842 505 933 felicius
570 847 1228 959 prosequendam
1246 902 1273 950 ,
1351 845 1780 964 splendidae
1829 845 2024 933 facis
2060 840 2316 929 instat

81 977 636 1082 praelucebunt.
753 972 921 1062 Cui
958 974 1591 1063 manuduffloni
1637 970 2258 1089 Hippocraticae
2274 1027 2307 1078 ,

40 1108 43 1123 '
84 1101 178 1186 fi
154 1128 234 1187 m
264 1103 782 1191 observandis
818 1119 1130 1187 naturae
1164 1102 1798 1247 phaenomenis,
1873 1102 2310 1219 propriam

82 1223 525 1318 industriam
562 1231 1144 1346 superaddere,
1204 1231 1289 1318 &
1319 1230 1565 1321 novis
1616 1233 1952 1321 subinde
1990 1235 2315 1349 experi-

83 1361 345 1448 mentis
361 1423 388 1471 ,
441 1364 748 1448 sacram
800 1360 1181 1449 medendi
1228 1382 1492 1452 artem
1523 1365 2024 1475 locupletare
2043 1420 2073 1468 ,
2125 1390 2311 1448 om·-

40 1483 155 1603 ffni
201 1486 468 1577 studio
535 1490 620 1578 ὅτ
693 1482 886 1573 eura
943 1487 1425 1592 enitamini,
1521 1489 1776 1574 aufirn
1847 1513 2012 1602 pro
2073 1506 2310 1574 certo

86 1611 468 1720 polliceri,
559 1616 744 1698 Vos
781 1609 973 1697 inde
1013 1612 1249 1698 bono
1289 1639 1489 1699 cum
1537 1615 1734 1699 Deo
1775 1611 1999 1698 haud
2041 1608 2316 1723 poeni-

40 1740 347 1883 nendos
407 1742 725 1828 fruetus
745 1798 772 1846 ,
843 1733 1221 1854 ipsosque
1278 1769 1544 1857 aegros
1595 1737 1889 1856 vestrae
1944 1767 2162 1826 curae
2216 1764 2315 1827 ae

40 1822 248 1953 fidei
313 1867 848 1975 commiffin,
939 1896 1344 1982 magnum
1404 1899 1502 1959 ac
1572 1888 1898 1957 certum
1965 1865 2159 1955 vitae
2226 1871 2313 1961 δι’

91 2000 538 2088 valetudinis
607 2000 770 2089 suae
832 2001 1384 2086 commodum
1464 1995 1619 2093 esse
1687 2001 2307 2087 consecuturos..

94 2117 173 2202 In
221 2143 391 2230 quo
447 2121 771 2242 fflutari
820 2114 1131 2206 studio·
1122 2166 1157 2225 ·,
1211 2114 1556 2209 mirifice
1607 2124 1791 2208 Vos
1848 2117 2311 2242 adjuvabit,

94 2252 141 2336 fi
182 2252 355 2368 quis
391 2249 583 2335 artis
629 2243 945 2363 peritus
981 2305 1009 2350 ‚
1068 2252 1151 2338 ὅτ
1196 2248 1285 2335 in
1326 2249 1807 2363 quotidiana
1840 2248 2082 2364 praxi
2122 2276 2312 2336 ver-

42 2467 43 2476 x
92 2377 275 2470 sams
302 2440 328 2489 ,
378 2379 465 2467 in
526 2370 879 2465 visendis
932 2375 1017 2462 ὅτ
1065 2378 1444 2464 curandis
1502 2378 1876 2490 aegroti8‚
1933 2381 2116 2494 Vos
2168 2371 2318 2461 fibi

94 2512 399 2598 comites
449 2502 893 2618 adjungere
951 2502 1337 2616 dignetur
1375 2562 1402 2611 ,
1479 2501 1658 2616 quo
1706 2506 1814 2591 fic
1863 2508 1966 2593 ad
2007 2504 2315 2591 lectum

94 2637 389 2733 illorum
443 2648 684 2732 velut
746 2665 855 2724 ex
924 2633 1107 2749 ipso
1160 2635 1482 2722 naturae
1553 2634 1887 2746 speculo
1965 2635 2316 2725 morbos
2431 2675 2438 2683 ·

96 2769 426 2882 intumi,
483 2795 789 2859 eorum
847 2768 1403 2879 phaenomena
1444 2765 1529 2852 &
1580 2759 2130 2875 proprietates
2174 2785 2315 2843 co-

46 2945 69 2966 ·
97 2883 505 3008 gnoscere,
582 2890 1151 2978 remediorum
1214 2886 1438 2974 vires
1501 2887 1586 2975 ὅτ
1649 2882 1980 2973 efflans
2046 2884 2317 2971 obser-

98 3051 328 3137 vare,
394 3031 807 3139 fimulque
868 3023 973 3108 ad
1038 3043 1426 3104 normam
1503 3013 1803 3102 divinae
1861 3012 2318 3102 medicatri-

101 3151 194 3239 cis
240 3175 580 3258 naturae,
642 3147 1056 3265 optimam
1108 3139 1490 3230 medendi
1527 3141 2034 3226 methodum
2094 3136 2324 3228 adhi-

103 3283 263 3370 bere
307 3281 634 3372 discatis.
714 3282 1053 3366 ·‘Deum
1098 3275 1205 3366 Τ
1240 3274 1356 3359 O.
1395 3274 1515 3357 Μ.
1590 3270 2074 3378 supremum
2122 3268 2378 3357 vitae'

106 3410 175 3497 ἀ
224 3413 469 3504 salutis
536 3410 941 3498 arbitrum
1014 3398 1322 3486 intimis
1399 3394 1624 3484 votis
1699 3393 2071 3509 imploro
2112 3452 2139 3500 ,
2219 3413 2323 3483 ut

48 3545 53 3580 *
106 3537 265 3624 Vos
314 3543 573 3629 salvos
632 3538 716 3625 &
758 3531 1209 3622 incolumes
1267 3521 1423 3612 effi:
1485 3521 1798 3636 iubeat,
1868 3523 2321 3636 omniaque

107 3662 335 3754 studia
393 3672 472 3759 ἃ
535 3679 882 3756 conatus
952 3652 1266 3741 vestros
1314 3712 1344 3760 ,
1425 3677 1528 3756 ex
1603 3653 1774 3736 alto
1831 3650 2166 3763 sospitet
2226 3678 2324 3740 ac

50 3795 495 3914 [for-tunet,
592 3808 694 3878 ut
754 3812 859 3875 ex
932 3799 1153 3869 voto
1223 3781 1305 3869 ὅτ
1375 3774 1628 3865 animi
1686 3772 2139 3882 sententia,
2217 3775 2327 3866 ad
