2644 4428
1038 64 1313 153 PRAE
1347 63 1492 139 EA
1525 58 1780 147 1'12022

259 208 611 336 amplius
689 206 955 305 restet,
973 266 1001 315 ,
1044 302 1051 311 ,
1092 235 1215 293 εκ
1277 223 1590 293 naturae
1663 199 2000 317 ingenio
2089 200 2542 326 exploran-

267 341 495 426 dum.
626 415 637 427 .

491 552 577 638 N
576 545 931 635 eceffitas
987 561 1266 631 autem
1329 539 1579 651 hujus
1639 537 2203 655 Semeiologiae
2260 566 2364 624 ex
2418 564 2550 622 eo

266 686 611 790 apparet
632 734 656 780 ‚
744 675 978 787 quod
1050 669 1319 784 ignoti
1385 674 1606 758 nulla
1674 670 1773 755 fit
1850 666 2166 753 curatio
2223 663 2548 752 morbi.

266 800 545 916 Hujus
613 822 893 888 autem
966 797 1340 911 cognitio
1421 825 1602 883 non
1678 795 1824 883 nisi
1895 790 1943 878 ὲ
2017 789 2549 921 posteriori,

269 957 428 1080 per
475 926 696 1014 viam
747 928 1277 1037 signorum1
1198 925 1319 1007 fit
1377 923 1967 1035 consequenda·
2082 925 2273 1045 Jam
2316 917 2550 1006 verb

267 1064 356 1151 in
431 1055 946 1167 explorandis
1017 1057 1102 1140 &
1156 1050 1636 1138 stabiliendis
1713 1052 2217 1140 morborum
2294 1050 2554 1163 fignis

274 1187 357 1272 &
408 1180 802 1294 praesagiis
839 1240 865 1284 ,
929 1176 1180 1292 quam
1230 1180 1627 1292 insignem
1671 1181 1750 1265 se
1799 1177 2281 1291 magistrum
2328 1204 2551 1289 prae-

270 1316 460 1398 beat
528 1306 1284 1397 HIPPOCRATES
1311 1366 1338 1410 ,
1399 1307 1624 1392 varia
1688 1307 1860 1418 'ejus
1919 1305 2211 1418 scripta
2244 1364 2269 1410 ,
2326 1331 2552 1417 prae-

270 1429 546 1516 sertim
618 1430 1189 1571 aphoristica,
1220 1436 1592 1518 abunde
1656 1432 2055 1519 testantur
2090 1491 2125 1542 ‚
2215 1432 2277 1515 fi
2333 1458 2545 1519 cum

274 1558 699 1668 perpetuis
756 1576 1066 1641 naturae
1125 1556 1434 1668 iegibus
1456 1617 1483 1663 ,
1541 1560 1625 1645 ὅτ
1683 1555 2252 1670 phoenomenis
2307 1542 2546 1640 sedu-

275 1674 364 1763 Ιὸ
432 1683 986 1765 conferantur.
1107 1684 1310 1765 Pace
1352 1683 1433 1768 ὅτ
1473 1681 1715 1768 venia
1755 1682 2108 1767 aliorum
2160 1679 2548 1788 dixerirnj

277 1814 575 1924 absque
627 1816 945 1895 horum
992 1811 1420 1923 fignorum
1472 1808 1764 1896 notitia
1817 1814 1898 1899 ὅτ
1939 1810 2299 1920 peritia,
2361 1839 2545 1898 me-

212 2010 217 2027 .
279 1944 558 2031 dicum
613 1939 702 2024 in
775 1941 1355 2081 cognoscendis
1430 1941 1745 2026 morbis
1817 1943 2053 2029 valde
2120 1940 2460 2054 caligare
2508 2010 2542 2057 ‚

278 2075 656 2183 adeoque
716 2069 799 2155 ὅτ
861 2067 950 2153 in
1010 2065 1381 2180 therapia
1435 2068 1897 2155 eorundem
1945 2067 2220 2156 minus
2289 2070 2548 2195 felici..

280 2213 407 2283 ter
464 2191 783 2282 versari.

398 2487 404 2494 -
510 2437 948 2548 Quantum
1019 2431 1261 2517 enim·
1292 2423 1474 2518 hae'c
1541 2431 2085 2546 Semeiologia
2138 2439 2254 2522 ad·
2303 2463 2538 2522 mor-

281 2570 592 2653 borum
649 2557 1212 2672 cognitionem
1233 2615 1258 2662 ‚
1318 2576 1647 2645 tantum
1699 2559 2039 2673 perinde
2093 2565 2194 2658 ad
2251 2565 2544 2676 genui-

281 2712 475 2769 nam
531 2683 910 2769 medendi
960 2681 1461 2773 methodum
1522 2686 1746 2770 valet
1772 2741 1799 2789 ‚
1857 2706 2132 2796 eoque
2192 2679 2544 2774 nomine

106 2803 115 2812 ’
279 2805 771 2921 ampliffimo
792 2915 802 2929 .
822 2807 975 2893 usu
1026 2810 1107 2891 se
1158 2808 1707 2893 commendat.
1828 2801 2024 2927 Q&
2089 2802 2247 2896 late
2304 2817 2544 2923 patet*

280 2933 447 3049 ipsa
517 2931 786 3046 praxis
868 2931 1179 3019 medica
1215 2992 1242 3039 ‚
1333 2931 1425 3017 in
1478 2931 1792 3016 morbis
1873 2953 2062 3021 tum
2117 2929 2458 3026 internis
2506 2939 2545 3046 ‚²

285 3082 473 3148 tum
530 3058 879 3146 externis
901 3117 928 3163 ‚
987 3076 1165 3177 tam·
1196 3057 1451 3145 acutis
1471 3119 1498 3166 ,
1558 3055 1810 3172 quitm
1843 3064 2251 3151 chronicis
2275 3127 2302 3172 ‚
2355 3061 2544 3155 nul-⁸

283 3197 370 3279 lo
429 3214 725 3300 genere
803 3207 1154 3299 excepto
1199 3246 1226 3292 ‚
1325 3183 1620 3298 utique
1681 3192 1812 3272 hae
1886 3208 2112 3276 notae
2179 3178 2331 3279 usu
2368 3225 2538 3300 ⁸ve·

280 3318 548 3404 niunt.
686 3318 950 3429 Qod
1016 3331 1200 3399 tum
1257 3312 1476 3416 suo',
1557 3330 1742 3399 tum
1809 3339 2228 3426 aegrorum
2301 3317 2547 3405 com-'

279 3446 546 3529 modo
615 3440 1160 3557 experiuntur
1192 3500 1217 3547 ‚
1278 3439 1577 3554 quibus
1642 3438 2004 3528 studium
2061 3439 2222 3552 est,
2280 3447 2368 3532 in
2419 3446 2544 3532 [iz-¹

279 3565 560 3653 cienda
588 3562 1044 3670 medicina,
1101 3568 1406 3651 casibus
1443 3567 1663 3651 forte
1698 3567 2044 3677 oblatis,
2090 3597 2284 3661 cum
2328 3595 2532 3683 pru-

282 3687 552 3832 dentia
624 3694 706 3779 ἅτ
763 3687 1239 3776 dexteritate
1305 3683 1476 3779 inas
1537 3689 1968 3805 applicare.
2151 3711 2161 3726 ·
2527 3713 2538 3736 ²

2355 3817 2537 3903 Nec
2623 3773 2624 3824 ³
