2644 4428
1092 15 1328 101 nvn.
1693 41 1700 52 ·
2193 53 2342 127 ῃ,

31 278 34 289 Ϋ
188 183 355 264 firm
401 183 618 265 fuerit
637 237 656 268 ,
709 189 901 284 juvat
934 217 955 275 3
1005 187 1229 289 idque
1258 187 1490 288 magis
1511 243 1538 276 ‚
1604 179 1661 265 fi
1701 188 1794 268 ad
1833 189 2208 272 inferiores
2248 192 2346 272 fe·-

189 287 320 364 des
354 286 806 366 descenderit.
907 297 1168 367 Praenot.
1198 305 1316 378 69.
2062 388 2071 396 Ι

50 385 664 468 rraeeordiorum
696 386 992 478 molles,
1050 390 1124 467 δι
1149 389 1424 467 doloris
1453 402 1777 488 expertes
1801 403 2121 468 tumores
2142 449 2164 481 ‚
2189 394 2345 472 lon-

187 489 405 584 giore
446 486 673 588 spatio
714 485 1093 578 finiuntur,
1144 509 1279 567 nec
1314 491 1408 566 ita
1455 511 1673 588 grave
1731 490 2134 592 periculum
2180 494 2348 572 affe-

190 601 386 664 runt.
490 597 667 663 Coae.
698 600 865 673 281.
919 598 1175 666 Praenot.
1221 614 1337 684 35.
1767 613 1817 671 '.

57 685 388 780 Quibus
411 686 961 788 hyp‘ocbondria
986 690 1252 767 elevata
1276 690 1469 769 sunt,
1496 691 2010 768 murmurantia
2031 747 2052 778 ,
2086 689 2350 769 dolore

187 788 615 865 lumborum
653 789 1188 895 superveniente
1221 849 1244 881 ,
1294 790 1406 868 his
1455 788 1590 868 alvi
1625 788 2165 867 humectantur:
2220 790 2349 870 nisi

188 883 403 967 flatus
434 892 795 988 eruperint
822 947 843 978 ,
893 904 1015 967 aut
1059 895 1279 967 urinae
1307 891 1518 990 copia
1542 890 1909 990 prodierit.
2017 890 2101 972 In
2133 892 2346 970 febri-

191 989 335 1064 bus
368 1003 607 1065 autem
661 989 830 1066 haec.
934 991 1094 1085 Apb.
1136 999 1244 1069 IV.
1272 1013 1391 1084 73.
1829 1007 1836 1020 ‘

317 1103 809 1168 DETERIORIS
859 1105 1132 1172 NOTAE.

61 1195 385 1274 Tumor
416 1199 493 1271 in
544 1198 951 1294 praecordiis
995 1202 1215 1279 durus
1245 1259 1268 1291 ‚
1322 1204 1397 1279 δι
1444 1198 1698 1279 dolens
1724 1257 1748 1290 ,
1819 1197 2149 1300 peffimus
2194 1205 2353 1302 qui-

186 1295 367 1372 dem
399 1352 422 1385 ‚
474 1296 598 1373 ubi
647 1312 797 1375 tota
843 1303 1228 1399 praecordia
1272 1305 1662 1401 occuparit.
1768 1299 1892 1378 Sin
1928 1299 2100 1380 νει-ὀ
2140 1302 2352 1381 altera

64 1405 69 1408 ’
193 1409 399 1495 parte
446 1393 527 1473 fit
553 1454 575 1486 ,
628 1400 908 1476 minore
940 1424 1108 1481 cum
1144 1403 1468 1503 periculo
1501 1399 1780 1479 finistra.
1833 1411 2093 1481 Praenot.
2135 1425 2244 1497 32.

62 1496 502 1576 Praecordia
550 1495 851 1589 sublata,
902 1499 1300 1580 subfistente
1329 1503 1490 1581 alvo
1519 1557 1542 1590 ,
1593 1502 1860 1580 malum
1893 1502 2348 1593 denunciant,

252 1594 558 1698 raecipue
604 1593 773 1676 verb
818 1602 892 1676 in
919 1599 1078 1683 his,
1133 1605 1383 1703 quiex
1419 1603 1656 1703 longo
1694 1602 2062 1681 intervallo
2104 1617 2352 1682 conta-

318 1712 494 1775 cunt
519 1753 544 1785 ,
599 1701 671 1775 δι
701 1702 966 1804 quibus
1012 1704 1151 1781 alvi
1185 1701 1544 1780 diffluunt.
1652 1706 1831 1777 Coae.
1861 1712 2024 1797 287.
2055 1724 2228 1799 442.

316 1818 746 1888 LETHALIS.
1945 1875 1952 1881 .

66 1910 670 1992 praecordiorum
720 1930 1045 1993 tumores
1085 1913 1242 1991 duri
1267 1970 1292 2004 ‚
1344 1938 1430 1992 ac
1478 1912 1804 1991 dolentes
1826 1969 1848 2000 ‚
1936 1914 2119 1990 circa
2164 1911 2355 2010 prin!-
2431 1995 2440 2006 ,

195 2013 393 2113 cipia
430 2016 723 2114 quidem
758 2029 1070 2094 mortem
1114 2016 1309 2092 brevi
1347 2011 1569 2094 affore
1596 2070 1621 2102 ‚
1672 2013 2007 2092 indicant.
2082 2022 2343 2087 Praenot.

194 2131 322 2204 33.
386 2121 556 2192 Coae.
598 2131 768 2205 280.

81 2209 398 2306 Quibus
434 2217 829 2318 praecordia
867 2212 1428 2293 inflammatione
1469 2225 1831 2293 tentantur
1859 2269 1880 2300 ,
1933 2213 2006 2290 ὅτ
2045 2232 2178 2311 pus
2208 2208 2355 2288 col-

193 2313 480 2411 ligunt,
534 2320 616 2394 iis
654 2317 781 2395 sub
835 2330 1143 2393 mortem
1178 2317 1380 2412 nigra
1419 2313 1861 2410 dejiciuntur.
1918 2319 2102 2388 Coaec.
2137 2323 2303 2400 288.

214 2433 467 2499 Auum
511 2437 853 2502 MORBUM
890 2436 1427 2503 PORTENDENS.

318 2527 795 2595 PAROTIDES.
2343 2612 2350 2623 ‚

90 2625 206 2706 Ex
256 2625 820 2725 praecordiorum
848 2634 1185 2709 tumore,
1236 2619 1522 2722 spiratio
1571 2643 1876 2725 magna,
1934 2617 2009 2694 &
2049 2616 2360 2698 febrisa-
2418 2664 2426 2674 ·

201 2740 417 2812 enta,
468 2727 544 2800 in
594 2723 881 2801 biliosis.
992 2732 1172 2799 Coae.
1207 2741 1372 2812 290.

284 2844 1012 2911 SUPPURATIONEM.

93 2940 676 3021 Praecordiorum
704 2958 951 3019 tumor
972 2941 1232 3027 durus,
1286 2961 1369 3017 ac
1416 2935 1710 3026 dolena,
1763 2935 1815 3013 fi
1851 2937 2030 3015 intra
2063 2960 2176 3018 20.
2209 2936 2360 3015 dien

204 3064 367 3118 non
420 3037 723 3119 subsidat
745 3098 771 3130 ,
818 3064 1055 3142 neque
1097 3041 1313 3119 febris
1341 3036 1673 3139 quiescat.
1722 3047 1982 3115 Praenot.
2021 3060 2058 3131 3
2073 3058 2141 3129 3.
2170 3046 2358 3123 Coae,

206 3152 381 3228 280.

100 3241 227 3321 Tu
238 3264 477 3320 mores
494 3240 1060 3341 praecordiorum
1085 3238 1342 3319 moues
1365 3290 1386 3318 ‚
1437 3238 1514 3314 δι
1540 3235 1818 3315 doloris
1846 3249 2174 3336 expertes
2201 3290 2223 3327 ,
2258 3236 2371 3314 di.

268 3344 522 3445 ‘risque
560 3340 894 3421 cedentes
918 3399 941 3430 ,
1014 3337 1068 3415 fi
1130 3343 1312 3421 intra
1350 3352 1466 3416 60.
1507 3337 1658 3415 dies
1711 3359 1945 3437 neque
1977 3337 2194 3415 febris
2227 3337 2369 3419 cef-

206 3365 358 3533 ξι,
405 3466 643 3544 neque
669 3455 917 3521 tumor
946 3437 1268 3518 subfidat.
1376 3448 1636 3517 francet.
1677 3455 1792 3527 ες.
1849 3444 2030 3517 Coac-
2060 3452 2227 3529 281.

232 3561 337 3625 AD
378 3560 835 3627 mmmm„

106 3659 406 3755 Quibus
429 3656 984 3763 hypochondria
1017 3658 1284 3735 elevata
1318 3655 1516 3745 sunt,
1567 3634 2126 3742 murmurantia,
2152 3653 2240 3730 iis
2263 3653 2372 3731 lac

211 3760 429 3933 dure,
484 3763 777 3840 malum.
830 3761 1044 3857 .Aph.
1080 3766 1300 3851 V.‚64.
1931 3822 1942 3829 .
2028 3824 2375 3931 HYSTE·
