2644 4428
854 15 1580 119 ynararra

116 157 214 243 us
190 175 440 271 tata
472 168 493 181 “
517 162 930 251 hodierno
1000 163 1325 250 se1eaestui
1396 148 1701 275 parurn
1772 159 2290 273 respondeat
2315 221 2343 267 ,

120 287 645 377 m'hilominus
710 289 1006 403 ipsum
1067 289 1391 402 optima
1467 311 1816 401 quaeque
1894 290 1996 372 ad
2076 290 2349 377 finan-

56 500 57 503 *
118 424 331 511 dum
359 414 779 520 remedia,
857 445 1057 529 pro
1085 418 1208 504 sui
1266 417 1668 530 temporis
1746 417 1829 513 ὅτ
1879 414 2043 499 loci
2100 416 2347 502 ratio-

116 566 207 626 ne
233 595 261 642 ,
312 539 399 624 in
462 526 619 627 u'su
670 540 1073 648 habuissb,
1133 541 1276 629 vix
1328 543 1677 628 dubitari
1709 537 2014 653 potest.

308 722 607 832 Neque
664 750 817 808 ver
820 716 877 805 ὸ
936 719 1115 805 satis
1164 720 1408 811 habet
1441 776 1466 822 ‚
1529 714 2088 830 probatiffima
2123 741 2341 829 quae-

116 865 257 950 que
305 846 593 933 auxilia
640 842 958 932 noviffe
993 905 1019 951 ,
1075 846 1210 930 sed
1262 872 1358 930 ea
1413 844 1862 930 secundum
1923 860 2179 927 certas
2228 844 2339 926 le-

112 986 231 1071 ges
286 968 943 1081 opportunitatis
992 957 1336 1080 dirigere
1371 1025 1396 1071 ‚
1459 964 1693 1051 omni
1744 962 2018 1048 studio
2078 965 2159 1050 ὅτ
2197 986 2339 1045 cu-

112 1106 190 1164 ra
234 1084 601 1196 intendit.
716 1094 840 1178 1oe
873 1116 1175 1204 nempe
1213 1107 1314 1174 ut
1364 1089 1611 1172 causae
1661 1084 2106 1170 morbificae
2126 1142 2151 1188 ‚
2211 1082 2338 1193 ip..

104 1210 306 1322 Eque
353 1219 664 1300 morbo
714 1214 892 1300 satis
947 1217 1382 1327 explorato
1426 1271 1451 1314 ‚
1530 1238 1683 1295 nec
1733 1237 1911 1293 non
1962 1212 2336 1323 sympto-

109 1334 429 1425 matibus
508 1340 919 1423 morbofis
995 1330 1372 1423 accurate
1436 1334 1878 1418 observatis
1920 1390 1945 1433 ‚
2027 1360 2334 1444 appro-

110 1456 339 1567 priata'
402 1461 762 1549 maxime
837 1463 1193 1549 remedia
1255 1461 1345 1545 in
1421 1481 1805 1572 ternpore
1877 1479 2328 1572 opponat3

56 1690 57 1695 Ν
110 1582 493 1706 smulque*
572 1588 886 1676 viribus
940 1590 1249 1674 naturae
1304 1587 1418 1671 ita
1475 1588 1842 1672 consulat
1880 1645 1905 1691 ‚
1982 1606 2083 1672 ut
2150 1614 2331 1672 non

108 1728 269 1793 ante
328 1731 664 1827 tempus
741 1713 1159 1818 deficiant,
1237 1730 1380 1796 aut
1443 1710 1721 1795 morbi
1800 1708 2332 1797 vehementi-²2

109 1830 337 1922 stadtae
386 1838 966 1941 succumbant,
1027 1836 1160 1922 sed
1233 1836 1512 1951 quoad
1559 1835 1734 1921 fieri
1792 1834 2112 1944 potest,
2189 1862 2330 1920 co-

100 1953 333 2043 'ffioni
373 1962 453 2047 ὅτ
508 1960 685 2045 crifi
740 1956 1162 2046 sufficiant.
1276 1961 1514 2046 Adeo
1551 1978 1653 2044 ut
1700 1959 1949 2044 sacras
1999 1962 2332 2045 metho-

109 2077 178 2161 di
210 2084 577 2171 medendi
628 2089 950 2196 regulas
985 2143 1009 2189 ‚
1086 2085 1538 2169 secundum
1588 2083 1979 2196 genuinas
2036 2082 2330 2167 indica-

110 2206 345 2299 tiones
364 2274 389 2317 ‚
462 2214 779 2327 ubique
836 2243 1050 2300 curae
1110 2211 1509 2323 cordique
1568 2212 1867 2297 habere
1919 2210 2320 2299 videatur-2

56 2433 61 2450 ,
109 2340 336 2451 Cujus
373 2343 489 2429 rei
545 2364 847 2459 praeter
891 2343 1038 2430 alia
1094 2343 1336 2427 fidem
1392 2339 1583 2427 facit
1640 2369 1933 2427 aureus
1971 2345 2071 2426 de
2122 2355 2329 2434 Welu

106 2499 411 2559 acutorum
450 2481 622 2562 liber
643 2534 664 2573 ,
722 2473 808 2555 in
866 2498 1043 2581 quo
1080 2470 1363 2553 selesta
1415 2468 1774 2581 praefidia
1797 2526 1822 2569 ‚
1880 2470 2327 2555 secundum

108 2617 329 2681 certas
379 2599 769 2713 therapiae
828 2604 1042 2709 leges
1102 2594 1593 2710 tempestive
1631 2596 2082 2683 adhibenda
2127 2627 2326 2709 pro-

108 2717 341 2824 ponit.
487 2721 620 2806 Sic
691 2723 970 2832 plures
1037 2725 1339 2834 regulae
1397 2722 1497 2805 de
1557 2717 1708 2803 usu
1774 2721 2322 2831 purgantium

109 2837 296 2925 reffi:
368 2839 870 2929 instituendo
924 2904 950 2947 ,
1035 2843 1123 2929 in
1196 2850 1623 2958 Aphorismis
1656 2899 1683 2945 ‚
1761 2838 1966 2928 item
2047 2859 2197 2939 Lib.
2241 2859 2321 2939 de

113 2973 486 3057 Humoribus
524 3027 554 3075 ‚
632 2972 714 3057 ὅ(
772 2967 956 3054 alibi
1007 2968 1316 3059 traditae
1335 3027 1361 3073 ‚
1432 2970 1490 3053 fi
1554 2964 2046 3080 diligentia&
2105 3001 2322 3087 pon-

110 3087 453 3298 {increentur
498 3150 528 3198 ,
632 3090 1054 3204 exquisitae
1148 3093 1533 3179 methodi
1603 3090 1930 3177 laudem
1998 3122 2172 3208 prae
2237 3098 2318 3180 se

261 3233 367 3298 nt.
2293 3268 2302 3276 ·

294 3387 501 3474 Dein
577 3384 828 3472 etiam
903 3380 1295 3495 therapiae
1367 3382 2051 3514 Hippocraticae,
2148 3414 2319 3475 ma-

118 3526 338 3611 gnum
382 3543 478 3599 ex
536 3541 645 3597 eo
704 3513 1035 3626 pondus
1100 3505 1407 3594 accedit
1440 3568 1465 3614 ‚
1528 3513 1759 3622 quod
1809 3513 2309 3623 praecipuam

119 3635 960 3747 mendi‚cu1and1que
1007 3629 1390 3745 corporis
1440 3637 1714 3750 spem,
1770 3637 1858 3722 in
1918 3637 2185 3723 debita
2236 3639 2317 3726 ὅτ

120 3763 552 3870 Opportuna
622 3759 888 3852 vietus
940 3763 1259 3849 ratione
1327 3786 1741 3878 reponat,
1832 3792 2013 3879 quae
2073 3748 2276 3850 sane
2291 3822 2319 3869 ‚

958 3901 1052 4017 )(
1080 3901 1166 4017 )(
1202 3900 1399 4016 )<³
2183 3897 2322 3980 fi
