2644 4428
524 55 899 145 PLEUR..
1154 57 1372 147 1³01„
1671 59 1904 148 POT.
2207 79 2359 171 215

192 202 423 288 vefioe
452 266 480 299 .
534 225 660 290 aut
718 207 870 287 vase
900 231 1105 289 aneo
1130 263 1154 298 ,
1204 227 1329 290 aut
1362 207 1668 290 testaceo
1704 211 2015 293 admota.
2127 210 2361 294 Com-
2419 227 2434 242 ⁸

200 306 425 388 mode
470 311 682 388 etiam
724 308 1029 410 spongia
1068 311 1351 399 mollis,
1395 334 1668 410 ,magna
1692 367 1715 399 ,
1766 327 1860 391 ex
1898 313 2084 415 aqna
2130 315 2357 395 calida

196 406 517 508 expreffa
560 414 999 513 apponitur..
1053 408 1193 489 Vel
1231 410 1594 489 hordeum
1620 469 1641 499 ,
1695 411 1775 489 ἃ.
1813 437 2067 491 ervum
2092 470 2116 501 ,
2163 418 2239 490 in
2286 439 2358 494 a·

201 525 369 588 ceto
395 510 632 590 diluto
658 508 988 605 diffoluta
1019 533 1103 589 ac
1134 509 1498 591 fervefada
1517 567 1539 600 ,
1587 512 1663 588 ἃ,
1689 514 1769 590 in
1806 513 2153 614 marsupia
2179 537 2360 592 con..

118 641 127 646 ·
199 610 420 706 jesta3
471 613 545 689 δι
576 611 807 690 furfur
832 611 1093 690 eodem
1138 611 1387 690 modo·
1490 612 1776 691 Siccum
1804 628 2041 692 autem
2075 615 2360 694 fomen-

199 723 360 788 tum
384 710 707 812 praebent
723 710 851 792 sal,
904 714 980 790 ἃ,
1016 712 1295 791 milium
1325 712 1822 803 torrefactum,
1876 716 2187 794 inlaneis
2215 713 2359 794 sac-

196 809 379 888 culis
413 811 1169 890 convenientiffimum.
1276 820 1379 887 De
1425 816 1575 892 Vibi.
1612 829 1784 890 aaut.
1825 823 1942 892 XI.
2205 837 2212 846 ·

97 922 203 1036 ‘Si‘
261 925 477 1005 dolor
525 928 617 1034 ad
663 927 1078 1006 claviculam
1118 926 1210 1008 de
1254 927 1325 1007 se
1378 925 1963 1028 fignificationem
2002 930 2360 1030 praebeat,

203 1043 329 1105 aut
358 1029 659 1127 gravitas
709 1028 798 1106 ad
845 1025 1261 1117 brachium,
1335 1045 1458 1106 aut
1504 1031 1689 1106 circa
1752 1051 2137 1107 mammam
2166 1085 2190 1118 ,
2238 1044 2362 1110 aut

205 1126 415 1226 supra
478 1128 757 1229 septum
801 1129 1265 1207 transversum
1289 1188 1314 1220 ,
1372 1151 1625 1206 venam
1669 1127 1914 1206 secare
1941 1131 2229 1228 prodest
2280 1135 2359 1210 in

206 1230 433 1306 cubiti
478 1228 747 1307 flexura
805 1231 1157 1307 internam
1183 1285 1207 1319 ,
1282 1231 1355 1306 δι
1400 1253 1554 1307 non
1618 1227 1944 1306 conflari*
1977 1230 2361 1329 copiosum

203 1323 623 1428 sanguinem
671 1328 1035 1406 detrahere
1061 1380 1082 1410 ‚
1133 1328 1373 1407 donec
1424 1329 1661 1407 multo
1711 1329 2182 1406 rubicundior
2230 1328 2365 1407 flu-

206 1434 437 1510 xerit,
488 1444 610 1507 aut
631 1451 765 1527 pro
797 1451 984 1528 puto
1028 1430 1103 1505 &
1149 1429 1558 1510 rubicundo
1585 1485 1607 1518 ,
1661 1427 1937 1506 lividus.
1998 1430 2154 1504 Ibid.
2192 1436 2353 1507 XII.

92 1525 185 1607 81·
220 1527 349 1606 sub
402 1528 602 1629 septo
639 1529 1288 1607 transverso-literis
1332 1530 1548 1608 dolor
1573 1585 1595 1618 ,
1647 1528 1736 1605 ad
1790 1529 2205 1609 claviculam
2239 1553 2363 1606 au-

212 1644 364 1706 tem
400 1629 492 1708 de
524 1628 593 1707 se
637 1626 1221 1728 fignificationem
1260 1652 1415 1708 non
1442 1630 1795 1730 praebeat,
1848 1629 2087 1708 alvum
2128 1628 2369 1708 molli-

210 1753 290 1807 re
331 1743 658 1832 oportet,
697 1729 831 1808 &c.
942 1731 1100 1806 Ibid.

144 1879 375 1945 com:
418 1880 865 2038 ,8λῖῧῖἱῇξέ
901 1923 922 1956 ,
968 1874 1708 1952 PERIPNEUMONM.
1747 1876 1932 1954 PUS.
1977 1873 2370 1949 81³1!st

292 2081 692 2150 PODAGRA
709 2126 731 2155 ‚
772 2083 889 2144 vid.
926 2080 1412 2146 ARTHRITIS.

108 2258 872 2345 POLYPUS.

241 2400 343 2464 AD
383 2396 826 2466 DIAGNOSIN.

112 2501 197 2584 Si
246 2503 559 2604 polypus
621 2499 741 2577 fiat
793 2502 867 2576 in
916 2495 1131 2587 naso,
1185 2520 1277 2575 ex
1319 2494 1568 2575 medio
1595 2493 2086 2594 cartilaginum
2114 2487 2382 2589 depenss

225 2606 391 2690 det,
444 2604 664 2682 veluti
699 2599 1086 2700 gurguli03
1139 2598 1212 2673 &
1256 2599 1383 2674 ubi
1420 2596 1940 2692 expirationem
1975 2592 2178 2677 facit,
2216 2612 2384 2691 pro-

284 2702 551 2779 reditur
586 2701 816 2780 foras,
872 2702 945 2776 &
989 2699 1087 2775 est
1120 2696 1361 2775 mollis
1401 2720 1417 2772 ε
1472 2698 1595 2773 ubi
1629 2690 1804 2773 vero
1846 2692 2382 2794 inspirationem

118 2816 129 2827 ·
259 2804 442 2891 acit,
494 2799 918 2879 retrocedit:
973 2799 1047 2877 &
1082 2799 1405 2897 loquitur
1442 2793 1778 2875 obscure:
1837 2795 1913 2871 δι
1957 2814 2186 2895 quum
2213 2789 2382 2867 dor-

226 2905 409 2991 mit,
457 2900 703 2979 stertit}
798 2908 896 2975 De
922 2899 1133 2975 Morb.
1166 2901 1254 2974 11.
1285 2904 1614 2973 XXXIII.
1651 2918 1719 2976 2.
1752 2893 1840 2969 ad
1863 2898 1942 2990 '7.

123 3143 208 3225 Si
250 3033 919 3245 ἰηΑἲεῖεΗίζῖξῖιῗζ
944 3138 1301 3228 nascatur,
1352 3134 1694 3214 eximitur
1728 3130 1991 3244 laqueo
2020 3175 2043 3208 .
2094 3104 2387 3219 εκὶιεξο

228 3246 322 3325 ad
387 3270 472 3326 os
519 3244 893 3324 distraetus.
1024 3240 1263 3338 Aliqui
1329 3237 1545 3317 etiam
1583 3231 1983 3336 pharmacis
2048 3224 2380 3306 erodunt.

240 3355 345 3425 De
377 3346 601 3445 affec).
642 3354 747 3425 VI.
784 3342 1119 3439 1.ad4.;

132 3562 209 3771 Ξ
244 3558 479 3764 guiso
501 3554 699 3788 1gotsu
725 3682 923 3782 rigor
945 3736 967 3769 ,
1020 3678 1095 3754 δι
1129 3672 1462 3754 delirium
1485 3727 1508 3759 ,
1561 3665 1853 3746 malum.
1906 3661 2067 3759 Apb.
2100 3666 2240 3738 VII.
2275 3675 2344 3748 7.

140 3804 372 3887 Paulo
408 3802 718 3885 deterior
744 3857 769 3893 ,
822 3801 901 3879 δι
934 3807 1158 3900 potus
1183 3849 1206 3885 ‚
1227 3791 1336 3973 gc
1354 3789 1578 3987 gibus
1605 3843 1629 3878 ,
1678 3779 2064 3884 jucundior
2111 3785 2405 3945 auteemli:
