2644 4428
1096 34 1349 119 FEBR.
2263 73 2360 152 95

88 161 395 293 Qubus
436 215 566 295 per
608 178 851 280 febree'
884 207 964 274 6.·
997 192 1115 274 die
1158 196 1438 296 rigores
1479 191 1666 275 fiunt
1686 247 1710 277 ‚
1763 131 2166 284 difficulter·
2178 206 2369 304 judi·-
2531 255 2558 264 ⁴

192 312 467 375 cantur.
540 295 701 391 Aph.
731 304 842 374 IV.
874 318 989 390 29.

88 396 387 494 Quibus
433 398 506 472 in
551 394 865 474 febribus
902 395 1231 496 quotidie
1283 395 1564 496 rigores
1602 394 1830 488 fiunt,
1880 404 2209 503 quotidie
2251 407 2364 487 fe-

195 500 357 575 bres
407 495 799 578 solvuntur.
899 497 1058 590 Aph.
1082 505 1185 574 IV.
1211 507 1327 591 63.
2345 587 2350 592 ¹

86 596 386 695 Quibus
417 596 993 674 exacerbationes
1043 595 1229 674 fiunt
1258 653 1282 686 ,
1335 619 1769 699 quacunque
1799 596 1980 679 hora
2019 601 2362 688 dimiserit

189 699 407 778 febris
430 753 454 785 ,
507 695 847 797 postridie
879 697 1147 776 ‘eadem
1194 695 1376 776 hora
1418 694 1473 774 fi
1517 702 2001 801 corripuerit,
2049 702 2361 786 difficul-

185 810 299 876 ter
333 797 752 892 judicantur.
833 796 993 892 Aph.
1029 806 1134 877 IV.
1169 821 1282 891 30.
2201 895 2209 904 ι

84 896 514 980 Febricitare
549 898 1056 997 incipientibus
1079 954 1103 986 ,
1156 896 1513 997 sanguinis
1543 897 1951 979 stillationes
1991 925 2159 982 cum
2193 905 2361 986 ster.

186 1000 568 1080 nutatione
597 997 1052 1088 accedenteS‚
1106 999 1184 1075 &
1219 996 1424 1098 quod
1468 998 1546 1073 in
1586 999 1788 1077 urina
1826 997 2091 1082 defidet
2108 1007 2360 1090 album

186 1121 262 1198 4.
314 1100 431 1178 die
465 1098 687 1179 visum
709 1153 733 1187 ,
786 1119 856 1195 7.
898 1098 1339 1178 solutionem
1384 1095 1609 1176 affore
1656 1098 2110 1183 denunciant.
2174 1116 2355 1200 Coae.

84 1222 437 1380 Urffi‘in
479 1299 681 1388 febre
733 1297 984 1399 album
1019 1297 1108 1414 'Sc
1157 1296 1332 1415 laeye
1403 1297 1835 1419 depositum·
1859 1299 2132 1382 habens
2173 1304 2357 1388 sedi-

191 1412 524 1479 mentum
550 1455 572 1488 ,
624 1399 931 1477 celerem
983 1399 1478 1478 liberationem
1525 1398 1968 1496 denunciat3
2042 1405 2356 1490 celerem

186 1525 491 1679 quogue
511 1556 534 1588 ,
587 1522 746 1600 quae
786 1497 1013 1577 diluta
1043 1499 1488 1582 indiscretam
1534 1502 1895 1604 quandam
1927 1501 2150 1590 habet
2193 1513 2357 1614 pin-

144 1616 153 1624 ·
192 1627 341 1701 gne
400 1604 606 1679 hem.
705 1608 879 1679 Coac.
917 1622 1082 1695 575.
2339 1651 2346 1660 ·

87 1703 285 1801 Quae
315 1697 834 1812 aliquantulum
862 1702 1103 1788 rubet,
1158 1696 1580 1780 subrubrum
1605 1699 2349 1792 habetfedimffltum,

88 1857 97 1864 -
190 1808 268 1883 δε
308 1802 478 1881 laeve
506 1855 528 1889 ,
587 1799 938 1902 fiquidem
975 1815 1138 1878 ante
1179 1799 1375 1880 diem
1409 1822 1479 1897 7.
1515 1814 1852 1901 appareat,
1886 1858 1918 1892 2
1960 1826 2032 1900 7.
2080 1804 2199 1884 die
2241 1809 2352 1887 so-

184 1906 549 1986 lutionem
584 1900 742 1980 fore
791 1897 1154 1999 defignat;
1206 1899 1369 1998 post
1417 1923 1488 1995 7.
1532 1915 1774 1982 autem
1802 1957 1830 1991 ,
1885 1902 2275 1987 tardiorem
2315 1963 2349 2004 ,

189 2019 316 2086 aut
351 2006 558 2104 plane
599 2003 1030 2080 diuturnam.
1123 2009 1300 2076 coac.
1340 2022 1504 2097 575.

86 2103 381 2204 Quae-4.
433 2104 548 2181 die
591 2101 1008 2180 subrubram
1044 2099 1482 2181 nubeculam
1509 2103 1746 2202 capit,
1797 2102 2026 2197 7.,die
2049 2103 2347 2193 liberat,

188 2206 369 2293 dum
418 2206 689 2305 reliqua
730 2225 870 2304 pro
905 2202 1179 2280 ratione
1215 2198 1540 2281 habeant.
1644 2208 1848 2291 Coun:
1888 2226 2050 2305 575.

319 2349 580 2413 NOTAE
619 2346 1229 2423 LONGITUDIMS.

81 2456 673 2542 Febricitantium
713 2481 865 2536 non
907 2459 1215 2535 omnino
1250 2456 1500 2537 leviter
1529 2516 1551 2548 ,
1597 2480 2060 2558 permanere,
2111 2464 2190 2544 &
2242 2469 2351 2548 ni·

98 2612 109 2621 -
156 2560 330 2730 rhilh
348 2563 707 2637 remittere
754 2562 1021 2659 corpus
1051 2614 1079 2647 ,
1159 2558 1408 2638 morbi
1458 2557 1992 2660 longitudinm
2049 2568 2342 2650 indicat.

184 2666 292 2752 Ap
331 2717 349 2733 .
389 2667 478 2735 ΙΙ.
512 2672 631 2746 28.
1851 2716 1862 2731 .

84 2758 175 2841 ln
216 2760 533 2841 febribus
566 2754 903 2836 abscess'us
934 2806 957 2839 .
1005 2758 1131 2860 qui
1188 2779 1344 2835 non
1380 2755 1752 2839 solvuntur
1783 2761 1872 2841 ad
1921 2766 2184 2865 primas
2234 2771 2349 2866 ju.

184 2860 587 2937 dioetiones
610 2914 630 2944 ,
662 2860 901 2935 morbi
924 2858 1460 2956 longitudinem
1487 2857 2082 2961 fignificant.Aph.
2106 2877 2344 2965 IV.51.

85 2958 417 3039 Dolores
450 2982 541 3035 ex
584 2957 1093 3057 glandularum
1122 2961 1546 3036 tumoribus,
1657 2973 1840 3039 Coae.
1868 2986 1988 3057 73.

83 3057 562 3164 Judicationis
611 3054 1022 3135 cellationes
1064 3061 1138 3133 in
1186 3059 1506 3135 febribus
1547 3114 1570 3146 ,
1649 3067 2000 3162 temporis
2046 3064 2345 3164 quidem

190 3162 794 3259 longinquitatem
818 3214 841 3246 ,
878 3182 1031 3237 non
1067 3174 1302 3237 tamen
1329 3162 1718 3259 perniciem
1741 3161 2116 3242 inducunt.
2161 3175 2342 3246 Coae.

85 3359 797 3535 Excvehementibus
848 3355 1227 3436 doloribus
1272 3358 1553 3437 obortae
1602 3358 1829 3438 febres
1855 3419 1879 3451 ,
1964 3362 2341 3449 diuturnae.

254 3489 374 3537 oac.
405 3483 522 3553 75.
1819 3496 1826 3503 ·

85 3559 405 3639 Sudores
440 3558 987 3637 febricitantium
1036 3573 1228 3634 extra
1270 3556 1421 3633 dies
1460 3560 1748 3636 criticos
1782 3563 1964 3653 orti,
2021 3563 2345 3648 laborem

186 3658 578 3857 {ilgniaficscnnt
609 3709 630 3740 ‚
680 3659 757 3736 dr
786 3659 1027 3737 morbi
1050 3658 1578 3756 longitudinem
1604 3714 1627 3747 ‚
1681 3660 1755 3738 St
1778 3665 2138 3795 recidivae.
2177 3670 2340 3763 aph.

2107 3889 2165 3971 F
2165 3891 2345 3972 ebri-
