2644 4428
48 244 51 313 h

835 10 1582 98 PRAEIATIO.
1638 7 1653 34 '

48 184 49 209 ³
120 147 342 263 fiais,
396 156 677 244 (altem
720 154 812 243 in
862 153 1153 244 ceteris
1210 151 1749 256 clarioribus,
1807 149 2353 266 antiquorum

120 303 642 372 monumenta
700 281 946 371 nobis
1002 283 1160 369 usu
1209 279 1497 369 venire
1565 272 1824 394 posse·

267 457 696 567 Qaecum
726 454 842 542 ita
875 454 1061 559 fint,
1079 480 1257 541 non
1290 448 1713 542 immerito
1753 448 2241 565 eollighnu3‚
2263 450 2360 538 it-

118 600 236 671 tos
269 585 1000 673 HIPPOCRATIS
1039 585 1359 672 labores
1405 579 2352 698 semeiotico-prafflcos3

116 736 303 795 auro
358 712 777 824 cedroque
843 708 1140 827 dignos
1171 771 1205 818 ,
1282 707 1684 821 infignem
1756 707 2358 795 observationis

117 836 426 924 medicae
473 840 950 927 thesaurum
1006 834 1471 950 complecti.
1604 840 1704 924 In
1760 861 1940 948 quo
1998 835 2358 949 reperias

110 960 446 1072 plurima
493 981 808 1050 naturae
857 960 1386 1053 medicatricis
1441 980 1770 1048 arcana:
1829 961 2093 1047 multa
2130 959 2363 1048 axio-

48 1070 51 1099 ‘
112 1100 308 1167 mata
357 1083 856 1198 diagnostica
894 1145 922 1192 ‚
981 1085 1191 1174 circa
1253 1085 1762 1171 morborum
1823 1079 2232 1194 originem
2272 1084 2359 1173 ὅτ

115 1208 365 1294 causas
380 1269 409 1317 ,
466 1237 939 1325 eorumque
977 1212 1346 1301 indolem
1389 1240 1485 1298 ac
1517 1209 2108 1326 proprietates:
2168 1226 2359 1298 tum

115 1334 703 1449 prognostica
678 1365 1112 1429 innumera
1153 1397 1180 1445 ,
1268 1340 1374 1425 de
1433 1337 1866 1427 variorum
1921 1335 2362 1427 afflauum

114 1460 735 1576 magnitudine,
807 1461 1236 1556 duratione
1269 1525 1299 1574 ,
1379 1463 1802 1553 securitate
1840 1524 1871 1572 ‚
1946 1463 2304 1580 periculo
2329 1519 2359 1567 ‚

48 1680 49 1683 w
112 1583 231 1669 vel
283 1579 789 1672 lethalitate:
862 1588 1072 1675 item
1127 1583 1233 1672 de
1285 1584 1667 1674 coffione
1704 1641 1731 1689 ,
1791 1586 1875 1674 δι
1932 1587 2166 1691 crisi,
2234 1580 2362 1666 fil-

116 1720 447 1818 turoque
528 1704 994 1798 eorundem
1073 1730 1387 1801 eventu
1430 1767 1457 1816 ,
1541 1706 1649 1797 ad
1723 1713 2067 1801 salutem
2119 1770 2148 1818 ,
2229 1709 2362 1799 vel

118 1850 456 1919 mortem
481 1892 510 1940 ‚
609 1839 744 1923 vel
821 1836 1235 1925 transitu
1212 1863 1305 1922 m
1358 1832 1575 1921 aliud
1645 1834 1916 1923 morbi
1987 1861 2247 1951 genus
2313 1828 2361 1917 ὲ

118 1955 362 2067 priore
401 1956 868 2050 diversum:
930 1958 1124 2050 dein
1163 1962 1592 2079 exquisitas
1651 1966 1960 2079 regulas
2021 1960 2362 2049 diaeteti-

120 2105 233 2166 αις
248 2142 273 2188 ,
312 2087 401 2173 in
440 2085 663 2174 statu
693 2090 1073 2203 prospero
1093 2147 1121 2193 ,
1162 2091 1299 2177 vel
1341 2084 1679 2175 adverso
1708 2146 1737 2193 ,
1792 2114 1949 2176 nec
2006 2116 2185 2177 non
2220 2116 2364 2178 va-

121 2205 226 2293 rio
265 2231 695 2300 acutorum
732 2212 993 2302 stadio
1029 2210 1267 2300 caute
1311 2206 1863 2303 adhibendas:
1930 2205 2363 2327 postremo

122 2337 352 2426 etiam
400 2340 966 2429 saluberrimos
1030 2363 1391 2427 canones
1440 2336 2041 2454 therapeuticos
2062 2400 2090 2447 ‚
2154 2343 2380 2429 circa·

121 2464 331 2549 usum
410 2462 972 2554 remediorum
1046 2463 1239 2580 apte
1307 2465 1391 2551 δι
1468 2463 1954 2578 tempestive
2019 2463 2368 2577 dirigen-

126 2585 330 2678 dum.
382 2597 636 2683 Plane
673 2611 775 2682 ut
808 2589 1598 2706 incomparabilem
1571 2617 1660 2676 m
1701 2590 1863 2680 hoc
1891 2592 2160 2681 studio
2192 2607 2372 2679 ma-

125 2716 464 2829 gistrum,
494 2725 581 2813 ὅτ
600 2717 934 2811 fidelem
950 2739 1263 2808 naturae
1284 2714 1751 2803 ministrum
1773 2718 2054 2840 egiffie,
2096 2721 2367 2829 ficque

125 2841 215 2930 de
255 2848 460 2936 alma
506 2868 681 2937 arte
736 2844 1129 2935 medendi
1166 2841 1540 2962 praeclare
1582 2844 1954 2934 meruiffe
1994 2843 2371 2934 videatur

128 2969 870 3062 HIPPOCRATES
890 3032 918 3076 ‚
978 2999 1079 3058 eo
1120 2972 1465 3058 nomine
1516 2968 1608 3055 in
1636 2970 2151 3060 medicorum
2190 2966 2371 3058 sub-

126 3091 323 3181 selliis
368 3122 803 3212 nunquam
844 3097 1032 3184 satis
1082 3089 1630 3183 celebrandus.

334 3266 483 3352 111.
554 3267 693 3355 Ne
755 3281 1041 3354 autem
1120 3260 1331 3377 justo
1399 3259 1722 3371 longius
1783 3262 1964 3350 Vos
2024 3288 2306 3351 morer
2339 3310 2371 3359 2

130 3385 625 3480 Ascumnae
689 3396 1246 3494 Suavlss1M1,
1306 3410 1531 3473 nunc
1587 3386 1863 3510 paucis
1905 3403 2373 3480 rationemin.
2425 3431 2432 3440 „

121 3519 313 3615 W
350 3531 474 3606 mei
551 3519 922 3635 accipite.
1064 3520 1293 3608 Sicut
1356 3512 1499 3628 qui
1563 3512 1981 3605 literarum
2039 3515 2375 3632 discipli-

134 3634 248 3718 nis
284 3645 680 3734 *animum
742 3643 1179 3762 adjiciunt,
1242 3647 1327 3733 δι
1389 3655 1775 3728 veterum
1828 3647 1910 3732 &
1955 3643 2382 3730 recentio-

142 3785 310 3852 mm
362 3767 675 3866 labores
728 3772 823 3864 in
869 3777 1137 3892 pretio
1200 3770 1515 3867 habent
1533 3823 1563 3877 ,
1643 3797 1941 3885 parum
2004 3773 2385 3995 sapienpss

2105 3983 2113 3992 .
2237 3933 2287 3992 e
2346 3934 2396 3994 e
