2644 4428
871 21 1303 116 1³1(AEss
1341 22 1578 100 rto

110 166 419 260 thum
378 227 408 277 ‚
463 114 604 257 vel
641 165 1024 257 intestina
1071 171 1365 256 laedens
1383 218 1420 276 ,
1470 165 1596 257 fiai
1632 162 2147 258 correffione
2155 227 2190 276 ,
2232 178 2396 265 νει

36 298 581 410 expulsione
636 294 1029 385 vincitur.
1142 298 1530 383 Calculus
1576 311 1906 387 atroces·
1955 296 2379 385 cruciatus

108 452 537 530 movens,
595 423 1024 539 ipsamque
1073 443 1444 512 mortem
1490 423 1900 511 intentans
1921 482 1949 530 ,
2007 424 2155 510 ubi
2204 454 2377 513 cer-
2447 466 2452 470 ·

108 559 204 640 tis
251 554 479 640 notis
527 555 647 638 se
666 552 958 666 prodit
991 608 1055 655 ,
1076 534 1566 666 tempestiva
1607 552 1735 639 sui
1780 554 2205 640 evulsione
2257 558 2374 644 sa·-

110 681 458 771 nationis
513 682 744 795 spem
797 677 1013 766 facit.
1126 679 1552 767 Bumbrici
1582 670 2148 768 oeconomiam
2194 706 2390 771 cor..r

111 808 337 919 poris
379 813 804 895 turbantes
839 866 865 915 ‚
924 810 1026 893 ab
1078 807 1705 894 anthelminticis
1769 835 2030 921 opem
2086 840 2388 926 expec-

118 953 317 1024 tant.
426 939 598 1022 Pus
647 931 878 1027 intro
923 937 1359 1023 colledtum
1379 996 1408 1044 ‚
1466 934 1791 1026 matura
1845 937 1969 1027 sui
2012 942 2384 1033 eduffio-

110 1090 259 1172 ne,
314 1063 658 1153 alutem
696 1064 1163 1180 pollicetur.
1225 1068 1376 1153 e.fi·
1408 1090 1497 1183 p.
1587 1118 1600 1136 =

322 1307 550 1397 Dein
585 1308 865 1396 morbi
894 1306 1144 1422 ipsius
1171 1365 1198 1410 ‚
1258 1302 1308 1406 ὲ
1341 1302 1483 1395 suli
1521 1301 1760 1394 causi
1792 1308 2123 1396 seorsim
2156 1313 2386 1427 spec..

112 1430 253 1521 tati
270 1494 303 1542 ‚
360 1436 743 1550 cognitio
775 1497 807 1547 ,
882 1435 1329 1523 identidem
1400 1433 1735 1522 curandi
1799 1435 2017 1524 viam
2076 1443 2388 1552 patefa-

114 1559 241 1648 cit.
344 1554 447 1653 'si
478 1565 711 1652 ‘enim
746 1569 1097 1654 morbus
1146 1562 1268 1651 est
1304 1561 1679 1651 conditio
1723 1564 2106 1677 corporis
2148 1567 2386 1657 vitia..

112 1708 192 1776 ta
221 1750 248 1797 ‚
332 1722 539 1782 cum
601 1693 1024 1781 affionum
1078 1694 1402 1780 laefione
1423 1751 1451 1797 ,
1530 1690 1782 1805 igitur
1820 1686 1869 1776 ὲ
1920 1690 2135 1781 vitio
2193 1722 2382 1810 per..

117 1820 389 1932 spe&
424 1882 455 1927 ‚
534 1825 761 1910 haud
824 1824 1169 1909 obscura
1229 1824 1332 1909 ad
1389 1819 1891 1908 sanationem
1959 1820 2383 1911 indicatio.

115 1950 471 2037 Proinde
525 1949 931 2038 viscerum
984 1946 1373 2038 debilitati
1416 1946 1896 2035 roborantia
1914 2004 1939 2053 ‚
1997 1938 2386 2062 rigiditati

116 2080 462 2168 laxantia
499 2102 662 2221 pro
688 2076 1001 2165 auxilio
1025 2079 1540 2165 adhibentur.
1607 2071 2101 2165 Humerum
2124 2078 2386 2167 visco.

118 2210 294 2296 sitas
335 2206 597 2293 nimia
627 2204 1233 2293 resolventibus
1257 2264 1284 2311 ‚
1345 2202 1700 2291 tenuitas
1737 2200 2326 2317 inspiffantibus
2346 2251 2382 2317 ,-

118 2334 566 2423 acrimonia
628 2329 1114 2422 lenientibus
1173 2331 1645 2447 corrigitur.
1817 2335 2114 2420 Motus
2190 2337 2390 2422 defi

120 2447 333 2551 ciens
379 2443 1049 2574 stimulantibus,
1110 2464 1505 2551 excedens
1562 2458 2210 2574 temperantibus
2273 2463 2388 2548 sa

120 2612 382 2679 natur.
514 2561 654 2675 Ita
738 2587 1004 2706 juxta
1035 2590 1459 2675 solennem
1529 2586 1911 2675 medendi
1961 2592 2331 2702 regulam
2351 2633 2390 2694 ς

124 2719 533 2811 contraria
583 2717 1011 2809 contrariis
1063 2723 1500 2809 tolluntur.

336 2963 526 3049 Nec
580 2957 865 3044 minus
908 2960 1195 3044 refert
1172 3001 1201 3063 ,-
1288 2954 1569 3043 morbi
1624 2955 2185 3071 symptomata
2248 2958 2398 3046 ha<

126 3090 311 3176 bere
349 3086 777 3203 perspeaesta
794 3143 822 3191 ,
882 3087 1202 3200 quippe
1265 3109 1453 3198 quae
1510 3087 1704 3171 sunt
1757 3083 2010 3197 ipsus
2060 3084 2336 3171 morbi
2358 3141 2393 3191 ‚

128 3222 259 3306 vel
304 3217 561 3304 causie
606 3213 1053 3301 morbificae
1080 3214 1404 3299 soboles
1429 3271 1456 3318 ‚
1516 3215 1740 3299 unde
1781 3209 2206 3298 multoties
2249 3243 2400 3301 cu

52 3337 63 3346 ’
130 3344 351 3434 randi
396 3345 619 3434 ratio
659 3343 1030 3429 ducenda
1068 3342 1359 3428 venit.
1421 3343 1724 3427 eodem
1775 3341 2094 3453 ubique
2136 3346 2397 3434 confi-

118 3473 289 3582 βο,
342 3496 449 3560 ut
498 3467 744 3559 causi
791 3473 1130 3556 laedente
1193 3467 1518 3577 ablata,
1598 3498 1855 3557 omne
1905 3473 2397 3560 morbosum

140 3599 650 3718 profligetur.
785 3596 915 3684 Sic
971 3595 1332 3686 anxietas
1395 3626 1499 3689 ex
1551 3601 1939 3722 plethora
1999 3597 2326 3684 nascens
2356 3654 2401 3702 ,

142 3724 510 3817 miffione
550 3720 958 3876 sanguinis
999 3721 1371 3814 solvitur.
1453 3709 1784 3864 Dolor
1809 3725 1910 3811 ab
1947 3723 2396 3932 isiflantiima-
2411 3837 2418 3843 ⁵

2227 3864 2397 3928 one
