2644 4428
847 52 893 100 ἡ(
1436 53 1480 101 ἢ(

750 87 802 137 εκ
1527 89 1573 136 *t
1917 91 1962 137 νε
2010 55 2056 104 ²*
2105 92 2151 139 ,ν

463 205 695 293 -21-1222334
726 192 783 268 ls
818 192 1073 270 Coacis
1114 191 1682 272 Praenotionibus
1710 250 1731 281 ,
1785 194 1856 269 &
1883 192 2338 270 Prorrhetico
2369 246 2393 278 ,
2426 204 2614 269 tan-

369 275 654 450 ³³1ss⁴
693 300 696 307 '
772 305 927 367 tum
957 291 1397 370 authoritatis
1432 293 1934 381 tribuendum,
1988 293 2062 367 δι
2101 292 2310 377 fidei,
2359 315 2611 390 quan-

346 487 347 495 *
411 353 684 513 ξᾏβξῑ
777 406 930 466 tum
957 418 1054 471 ea,
1078 416 1234 491 quae
1276 418 1367 470 ex
1405 392 1884 494 Aphorismis,
1940 390 2418 489 prognostico
2445 446 2469 478 ,
2519 393 2608 466 &

403 492 461 508 Ρ
673 505 684 507 ἡ
772 488 1352 588 Epidemicorum
1379 495 1570 569 libris
1597 508 1889 591 excepta
1926 492 2118 579 sunt,
2141 490 2541 589 reposcunt
2574 522 2596 574 ς

324 598 399 671 in
448 593 733 693 reliquis
786 608 1022 667 autem
1050 648 1069 678 .
1124 605 1471 690 quantum
1517 596 1606 669 de
1641 593 2080 669 authoritatis
2134 590 2602 687 dignatione,

324 694 747 771 tantundem
795 693 1004 766 etiam
1083 691 1171 767 de
1213 695 1449 785 judicii
1484 694 2000 768 existimatione
2045 691 2604 766 detrahendum.

328 794 627 889 Constat
668 788 898 870 certe,
946 814 1036 866 ex
1074 794 1310 869 multis
1356 794 1751 869 seculorum
1805 791 2417 868 observationibus
2452 848 2473 877 ,
2520 792 2602 865 δε

329 894 683 971 diuturnis
724 893 888 970 artis
934 895 1574 990 praeceptionibus,
1633 896 1705 969 in
1742 891 1858 971 Co
1897 891 2118 970 insula
2163 887 2297 968 effe
2343 891 2604 968 decer-

231 1065 240 1074 .
328 1010 526 1093 ptas,
578 990 890 1115 inde'que
924 991 1216 1067 fortaffis
1245 993 1911 1069 denominationem
1941 988 2213 1067 traxisse
2237 1046 2258 1077 ‚
2289 1004 2375 1065 ut
2405 1019 2600 1063 ma-

328 1092 451 1167 καὶ
504 1119 955 1189 προγνωστις,
1040 1093 1398 1167 interdum
1449 1096 1658 1169 etiam
1706 1090 1747 1168 ὲ
1797 1092 2117 1169 GALENO
2174 1091 2416 1163 κωὶὶιαὶ
2469 1112 2601 1186 ap-

383 1191 772 1267 ellarentut.
876 1189 963 1268 Et
998 1194 1339 1291 quoniam
1370 1192 1542 1280 stili,
1585 1195 1658 1268 ἃ
1704 1190 2029 1268 dictionis
2065 1214 2368 1289 genere,
2419 1213 2599 1265 cum

325 1214 783 1369 prorrhetico
818 1289 1270 1366 consentiunt
1294 1346 1315 1380 ,
1372 1317 1615 1393 parem
1653 1292 1726 1366 &
1760 1293 2055 1389 originis
2082 1344 2105 1379 ,
2158 1292 2230 1367 &
2267 1292 2599 1366 nominis

317 1390 695 1471 fortunam
769 1392 1249 1488 experiuntur.
1368 1394 1712 1472 Anu‘rius
1762 1389 2068 1470 Foesws
2143 1399 2211 1465 in
2269 1391 2458 1486 Praef.
2513 1388 2603 1462 ad

332 1498 567 1567 Coum
625 1497 881 1569 Praenot.

939 87 986 136 *ἱ
1344 89 1388 138 *1

560 1584 645 1671 ln
691 1587 835 1667 hoc
890 1589 1076 1668 libro
1128 1588 1528 1670 Coacarum
1597 1592 2135 1689 praenotionum
2184 1586 2529 1687 inscripto
2575 1645 2596 1676 ,

332 1687 826 1791 praedifflones
880 1713 1177 1770 omnes,
1232 1691 1449 1767 veluti
1475 1694 1547 1766 in
1578 1692 1896 1790 quodam
1941 1691 2442 1790 promptuario
2473 1689 2599 1763 de-

332 1790 600 1888 scriptae
636 1788 836 1877 sunt,
892 1814 1050 1888 quae
1096 1813 1222 1888 per
1266 1790 1556 1891 longam
1597 1814 1951 1868 annorum
1990 1789 2232 1865 seriem
2261 1839 2280 1866 ‚
2335 1785 2376 1863 ὲ
2415 1786 2595 1865 Cois

332 1888 640 1967 Medicis
664 1889 1040 1968 observatae
1070 1890 1373 1992 fuerunt.
1482 1889 1685 1984 Quas
1725 1889 2016 1989 quidem
2045 1946 2065 1976 ,
2120 1887 2171 1965 fi
2199 1887 2593 1986 inscriptio-

330 1991 412 2062 ni
458 1986 857 2063 adhibenda
892 1987 1062 2064 fides
1115 1989 1210 2065 est
1238 2034 1261 2070 ‚
1311 1993 1399 2066 ab
1439 1987 2058 2069 H1PPOCRATE
2105 1987 2432 2066 collectas
2463 2039 2480 2065 ‚
2521 1990 2593 2061 &

335 2088 417 2162 in
475 2085 672 2187 hunc
716 2086 1044 2165 ordinem
1092 2088 1388 2186 digestas
1439 2088 1622 2184 effe,
1699 2088 2138 2166 asserendum
2198 2087 2312 2163 est.
2445 2084 2592 2163 Eas·

336 2187 652 2288 demque
687 2183 957 2266 Coacas
998 2188 1537 2279 denominavit,
1591 2190 1753 2290 quia
1803 2212 1953 2266 non
1993 2213 2245 2266 omnes
2286 2190 2593 2286 propriis

338 2286 945 2365 observationibus
990 2287 1438 2388 conscripsit,
1493 2291 1608 2366 sed
1647 2287 1688 2366 a
1723 2292 1988 2368 caeteris
2028 2293 2233 2365 etiam
2287 2286 2589 2365 Medicis

337 2387 515 2471 Cois
559 2385 991 2485 desumptis,
1046 2392 1119 2467 &
1166 2390 1333 2467 ideo
1390 2414 1537 2467 non
1590 2388 1688 2471 est
1753 2392 2015 2467 mirum
2053 2446 2073 2478 ,
2129 2386 2176 2463 fi
2242 2389 2468 2463 multa
2520 2391 2590 2462 in

338 2476 489 2569 h'oc
536 2487 723 2563 libro
771 2485 1108 2588 descripta
1163 2487 1322 2564 sunt
1363 2541 1382 2569 ‚
1489 2514 1594 2567 uae
1640 2488 1879 2589 passim
1927 2494 2001 2564 in
2048 2487 2195 2564 aliis
2246 2486 2461 2565 Hn’e.
2512 2487 2596 2563 li-

339 2587 484 2662 bris
530 2589 995 2686 reperiuntur.
1100 2643 1120 2664 .
1172 2646 1189 2663 .
1248 2646 1264 2664 .
1320 2645 1338 2663 .
1414 2514 1682 2666 flatum
1733 2585 1904 2666 vero
1942 2592 2302 2688 precium,
2367 2590 2438 2663 δε
2490 2590 2593 2662 ni-

337 2700 612 2764 torem,
666 2710 831 2764 cum
922 2684 1301 2784 rospexerit
1348 2687 1820 2769 Horremus,
1876 2689 2086 2765 Acad.
2129 2685 2328 2766 Paris.
2356 2686 2582 2765 decus,

345 2785 416 2858 δι
458 2787 616 2882 post
646 2810 813 2873 eum
926 2809 1051 2867 uo.
1085 2786 1492 2877 Dunss‘rus,
1546 2789 1883 2866 doctrinae
1922 2786 2137 2888 Hipp.
2184 2787 2585 2874 aemulator,

342 2880 849 2963 limem-ns
908 2889 1162 2985 genius
1250 2888 1519 2983 dicius,
1600 2886 1997 2966 dofflffiniis
2074 2890 2589 2964 commentariis

344 3007 587 3062 earum
642 2987 1099 3085 praestantiar'n
1147 2987 1376 3084 palam
1415 2987 1640 3064 facere
1701 3001 2171 3087 procurarunt
2209 3011 2231 3079 ;
2264 3010 2587 3084 -quorum

345 3087 635 3185 vestigia
679 3086 950 3169 secutus
999 3086 1423 3172 acutiffimus
1463 3085 1874 3189 Jaco‘rms,
1934 3087 2274 3187 aequalem
2315 3086 2584 3161 laudem

345 3188 422 3260 in
483 3185 631 3263 hoc
683 3184 1101 3263 difficillimo
1153 3188 1450 3286 negotio
1495 3187 1774 3264 sortitus
1820 3186 1963 3264 est:
2018 3186 2221 3285 quod
2265 3186 2580 3286 quidem,

345 3287 515 3383 quia
570 3286 1065 3384 amplissimum
1103 3287 1241 3366 est,
1322 3290 1398 3362 in
1466 3302 1701 3364 totum
1755 3287 2114 3363 absolvere
2154 3302 2582 3385 nonpotue-

344 3397 517 3459 runt
545 3439 565 3469 ,
620 3387 796 3483 quin
837 3385 1099 3462 caeteris
1153 3393 1406 3467 etiam,
1462 3385 1872 3464 elaborandi
1915 3388 2094 3463 circa
2131 3385 2428 3461 eandem
2458 3409 2579 3460 ma-

344 3484 593 3557 teriam
623 3533 642 3562 ,
708 3482 981 3561 occasio
1029 3485 1259 3562 relista
1306 3484 1400 3562 fit.
1509 3483 1719 3562 Unde
1771 3484 1844 3562 &
1884 3486 2098 3561 nobis
2150 3484 2467 3561 insudare
2515 3487 2578 3559 in

348 3605 439 3658 eo
477 3581 640 3659 licet
668 3640 689 3669 ,
813 3584 1367 3662 uemadmodum
1413 3588 1623 3663 etiam
1671 3586 1961 3687 posteris
2017 3585 2277 3661 laboris
2331 3599 2577 3683 partem

332 3704 483 3757 ·nos
521 3681 769 3781 reliqui
824 3708 906 3762 e,
962 3708 1117 3760 non
1149 3688 1585 3784 ignoramus,
1690 3684 1940 3765 PRosP.
1995 3683 2460 3764 MARTnmus
2509 3682 2582 3756 ad

348 3783 483 3858 Lib.
546 3789 883 3858 Coacarum
937 3793 1399 3863 Praenotionum.

2376 3901 2579 3961 111110-
