2644 4428
1008 14 1738 105 ransarta

253 155 716 246 facundiam
774 157 955 269 jure
1002 158 1412 248 miramur
1443 216 1475 267 ,
1551 155 1721 274 qui
1800 154 2101 275 vulgus
2154 152 2542 257 medico-

254 310 455 372 rum
520 291 786 399 longo
844 286 1041 400 post
1096 290 1175 375 se
1227 287 1674 377 intervallo
1723 285 2140 400 relinquit.
2255 285 2340 375 si
2394 288 2538 387 Η.

256 406 873 500 Mummiam
978 417 1407 503 auetorem
1496 409 2063 553 gravissimum
2141 410 2543 520 audias,

258 590 315 645 ‚‚
373 555 672 646 praeter
728 539 1535 629 HIPPOCRATEM
1590 533 1762 625 fere
1815 536 2239 629 neminem
2293 533 2544 625 inve-

260 715 326 767 „
385 660 604 770 nieS,
663 661 813 774 qui
845 682 1017 748 tam
1057 664 1340 777 paucis
1391 664 1666 753 verbis
1699 720 1727 770 ‚
1774 664 1994 757 adeo
2033 666 2546 774 mulmea-

260 838 323 893 ,‚
379 810 547 902 que
610 788 816 876 scitu
865 787 1322 903 digniffima
1375 785 2085 904 compleaamrst

481 1069 1080 1157 Verumtamen
1158 1068 1604 1156 observatu
1671 1066 2020 1182 dignum
2067 1065 2259 1177 est,
2261 1102 2286 1113 =
2349 1098 2550 1162 non

262 1208 568 1278 omnes
630 1197 966 1308 prorsus
1029 1194 1464 1283 sententias
1521 1128 2262 1284 HIPPoCRATls’
2294 1253 2323 1300 ,
2380 1194 2554 1295 uni

263 1307 703 1429 eidemque
761 1319 977 1406 fonti
1053 1316 1400 1426 deberi,
1480 1316 1616 1405 sed
1686 1320 2127 1405 nonnullas
2208 1317 2552 1415 mutum

265 1458 375 1519 ex
425 1441 748 1531 ratione
804 1446 887 1533 &
931 1440 1403 1557 conicetura
1422 1499 1448 1547 ‚
1485 1445 1756 1583 ,longe
1815 1441 2197 1555 potiores
2252 1464 2553 1539 autem

266 1581 375 1641 ex
437 1565 1030 1654 observationis
1092 1569 1176 1656 ὅτ
1226 1564 1747 1679 experientiae
1825 1569 2214 1654 thesauro
2269 1564 2554 1659 fluxiss

232 1679 378 1779 ,se-
495 1690 713 1830 Qae
764 1684 1329 1803 posterioreS,
1386 1688 1627 1774 velut
1677 1689 2187 1801 sempiternae
2246 1694 2555 1783 verita-

268 1806 380 1894 tis
460 1814 879 1902 axiomata
939 1873 965 1921 ‚
1065 1840 1413 1902 omnem
1513 1810 2090 1919 certitudinem
2163 1816 2478 1904 habent
2519 1870 2555 1920 ‚

275 1958 466 2046 quae
521 1939 610 2026 in
667 1940 796 2025 his
858 1943 1106 2028 rebus
1162 1934 1573 2052 expefflri
1622 1936 1961 2049 potest·
2020 1939 2344 2054 priores
2401 1969 2556 2030 au-

273 2073 455 2148 tem
512 2062 835 2165 nonnifi
907 2067 1272 2150 obscurae
1334 2060 1537 2149 lucis
1593 2065 1981 2150 umbram
2056 2090 2228 2175 prae
2287 2067 2367 2151 se
2433 2060 2559 2153 fe..

274 2204 476 2275 runt
511 2246 538 2295 ,
597 2208 739 2276 aut
795 2217 993 2277 cum
1051 2185 1348 2275 fiffitiis
1407 2205 1792 2276 veterum
1831 2186 2555 2304 philosophorum

276 2317 806 2430 dognatibus
876 2314 1057 2430 pari
1112 2311 1344 2430 passu
1405 2317 1852 2403 ambulant.

508 2600 777 2714 Qod
821 2617 1273 2709 utrumque
1334 2624 1689 2710 genus1
1628 2597 1689 2683 si
1728 2595 2122 2712 exemplis
2155 2593 2560 2688 illustrare

280 2721 573 2829 libeat,
634 2727 735 2811 ad
772 2725 1098 2811 fontem
1147 2748 1392 2807 merae
1427 2720 1848 2836 opinionis
1896 2724 1979 2811 ὅτ
2017 2721 2560 2835 conjefflnrae,

280 2785 573 2941 referri'
605 2868 1012 2964 poterunt
1050 2844 1276 2933 varia
1302 2847 1742 2982 dogmata.
1802 2849 1905 2936 de
1944 2846 2262 2936 calido
2238 2869 2564 2957 mato,

287 2975 397 3062 de
450 2975 804 3060 humido
861 2967 1240 3076 radicali‚
1298 2971 1400 3052 de
1464 2965 1653 3081 igne
1687 2990 2151 3079 movente,
2205 2975 2309 3059 de
2344 2998 2570 3086 aqua

291 3097 707 3190 nutriente
729 3157 755 3205 ,
776 3095 916 3183 'de
960 3094 1131 3184 vita
1163 3120 1245 3199 7.
1284 3092 1605 3177 dierum
1627 3152 1656 3200 ‚
1714 3094 1817 3179 de
1836 3094 2253 3205 genitura,
2286 3098 2391 3184 de
2421 3124 2566 3212 ge-

289 3225 719 3318 neratione
767 3220 986 3309 lastis
1024 3278 1052 3325 ,
1109 3221 1211 3304 de
1258 3215 1758 3305 formatione
1799 3216 2051 3304 foetus
2080 3277 2108 3326 ,
2152 3220 2254 3306 de
2311 3235 2572 3306 motu

291 3345 552 3443 foetus
592 3350 896 3443 uterini
935 3410 962 3455 ,
1020 3350 1129 3444 de,
1168 3343 1701 3455 respiratione
1736 3341 2093 3452 ejusdem
2124 3404 2153 3450 ‚
2211 3345 2316 3431 de
2351 3345 2575 3434 foetu

296 3476 747 3570 ostimestri
799 3502 978 3564 non
1034 3469 1262 3560 vitali
1300 3527 1328 3573 ‚
1388 3469 1704 3583 aliaque
1757 3467 1996 3581 plura
2013 3527 2039 3576 ‚
2101 3496 2287 3582 quae
2349 3480 2572 3563 Libro

296 3604 405 3692 de
467 3605 790 3697 Carnibus
816 3664 841 3705 ,
899 3603 1002 3687 de
1065 3614 1402 3692 Genitura
1417 3653 1442 3695 2
1499 3601 1600 3685 de
1663 3611 1953 3696 Natura
1994 3613 2198 3716 pueri
2224 3660 2248 3701 ‚
2304 3597 2408 3681 de
2451 3607 2577 3686 In-

2269 3733 2524 3827 somniis
2547 3785 2575 3819 ‚
