2644 4428
1059 35 1404 124 PLEUR'
2180 58 2344 135 arr

73 185 169 267 In
206 190 591 290 pleuriticis
631 189 964 291 sputum,
1019 190 1071 268 fi
1120 194 1738 295 [humappareat'
1762 201 2090 281 veniente
2119 199 2339 285 'rnor-

180 292 325 465 boh,
395 294 798 371 abbreviat:
878 290 926 368 fi
1003 289 1173 371 vero
1231 295 1492 393 postea‘
1531 316 1866 397 appareat
1896 352 1918 382 ‚
1970 305 2333 402 producit.

176 400 242 466 A
314 451 331 469 .
364 404 414 469 Ι.
456 412 559 469 12.
2211 439 2216 446 ·

64 420 410 571 Latessum
447 492 705 570 dolore
748 487 1006 570 affeffls
1032 542 1056 572 2
1108 495 1308 571 urina
1345 494 1866 596 aliquantulum
1910 501 2118 579 rubra
2144 560 2164 591 ‚
2219 505 2335 584 lae-

110 593 117 602 '
170 615 333 669 vem
370 593 638 670 habens
673 589 1160 669 fribfidentiam
1188 649 1211 682 ,
1265 593 1578 672 securam
1619 596 2132 692 judicationem
2162 628 2335 702 prae-

171 697 485 772 nunciat.
592 692 782 787 Quae
827 692 1001 768 vero
1048 692 1565 793 aliquantulum
1661 696 1869 776 allida
1900 754 1922 787 ,
1977 700 2159 779 bene
2195 702 2333 781 fio-

169 794 446 870 rulenta
497 791 595 869 est
633 850 655 880 ,
726 793 801 868 δι
847 793 1083 869 albam
1145 793 1363 871 habet
1409 792 1594 872 subfi
1646 799 1954 889 entiam,
2024 802 2333 886 celerem

170 917 489 995 quoque.
597 900 780 968 Coae.
816 903 979 984 586.
2305 931 2310 940 ·

291 1050 547 1117 NOTA:
590 1046 1086 1110 SALUTARES.

61 1177 154 1262 In
193 1171 455 1250 morbo
502 1166 764 1246 laterali
808 1161 1119 1258 affetiiS,
1173 1164 1515 1256 dolores,
1567 1168 1643 1245 ἃ
1677 1166 1915 1249 alvum
1966 1145 2281 1261 emolliri
2303 1196 2336 1275 ,“

167 1273 346 1352 utile
387 1269 525 1357 est,
577 1266 776 1366 sputa
831 1266 1181 1355 colorari,
1249 1267 1488 1345 nullos
1527 1270 1602 1345 in
1649 1269 1941 1368 pestore
2004 1276 2346 1382 strepitus,

178 1375 341 1453 fieri
369 1423 392 1460 ,
450 1371 726 1447 urinam
761 1365 945 1445 τεᾶὲ
989 1368 1399 1467 procedere.
1514 1375 1686 1446 coac.
1721 1382 1886 1464 386.

336 1527 530 1584 Cetera
548 1530 689 1580 note
717 1509 959 1595 salutis,
1002 1528 1073 1578 ut
1113 1521 1179 1577 in
1218 1518 1948 1592 PEKIPNEUMONIA.

246 1663 505 1730 NOTA:
540 1659 926 1726 PERICULI.

50 1791 426 1878 Morbum
462 1783 651 1884 πετὲ
709 1782 1034 1858 sustinere
1056 1835 1080 1868 ,
1130 1778 1587 1879 spirationem
1633 1803 1974 1880 magnam
2022 1810 2108 1864 ac
2154 1789 2327 1870 den-

162 1884 504 1975 samess‘e,
543 1882 876 1962 dolorem
914 1882 1213 1958 minime
1247 1877 1465 1957 sedari
1489 1937 1510 1968 ,
1561 1883 1848 1980 sputum
1877 1885 2067 1983 aegre
2089 1893 2330 1984 rejice·

158 2016 284 2077 re,
335 1987 832 2065 vehementem
874 1978 1060 2056 fitim
1107 1976 1293 2070 effe,
1344 2004 1611 2080 corpus
1655 1983 1694 2058 a
1736 1980 1933 2059 febre
1965 1991 2098 2066 inae
2156 1992 2326 2069 uali-

158 2107 275 2170 ter
299 2089 646 2166 detineri,
698 2084 944 2161 alvum
979 2080 1293 2158 &latera
1319 2081 1780 2158 vehementer
1801 2081 2072 2174 oelere,
2156 2113 2327 2168 ron.

158 2208 277 2280 te,
331 2189 659 2266 manibus
684 2241 705 2271 ,
759 2183 832 2260 &
866 2180 1168 2282 pedibus
1205 2181 1477 2282 frigidis
1502 2239 1524 2269 ,
1574 2183 1811 2261 urinas
1849 2181 2023 2263 vero
2050 2244 2074 2277 ,
2126 2189 2200 2265 Bc
2226 2191 2327 2267 al..

156 2296 235 2371 vi
288 2300 774 2374 excrementa,
832 2284 907 2361 ἀ
965 2279 1261 2360 somnos
1295 2337 1317 2370 ,
1371 2282 1445 2357 ἃ
1489 2281 1778 2361 sudores
1806 2340 1828 2373 ,
1881 2287 2121 2365 minus
2163 2294 2322 2370 lau..

157 2393 491 2473 dabiiiter
540 2387 713 2464 fieri.
814 2394 1074 2459 Praenot.
1122 2403 1283 2460 102.
1354 2390 1525 2460 coac.
1567 2405 1730 2476 393.
2255 2416 2260 2423 ·

49 2512 356 2616 Quibus
406 2509 484 2584 in
528 2501 796 2579 morbo
833 2498 1138 2585 laterali,
1190 2498 1402 2574 initio
1442 2497 1738 2595 quidem
1791 2497 2086 2577 dolores
2128 2499 2319 2581 leves

156 2613 369 2695 sunt,
431 2625 492 2698 ς.
556 2597 730 2678 vero
792 2614 916 2677 aut
956 2613 1025 2677 6.
1073 2598 1193 2675 die
1241 2596 1782 2694 ingravescunt,
1861 2598 2008 2678 fere
2061 2597 2151 2675 ad
2201 2626 2318 2681 12.

156 2708 631 2817 perveniunt,
681 2722 989 2799 ratoque
1014 2694 1408 2776 servantur,
1463 2696 1577 2774 sed
1615 2699 1968 2797 praecipue
1992 2721 2060 2794 7.
2087 2722 2174 2779 ac
2203 2724 2315 2782 12.

152 2815 285 2892 die
320 2802 719 2908 periculum
754 2799 1081 2879 subeunt.
1169 2796 1404 2893 Quod
1428 2794 1475 2872 fi
1516 2799 1622 2874 bis
1660 2821 1730 2893 7.
1765 2798 2140 2890 evaserint,
2183 2801 2324 2879 ser..

307 2927 440 2985 tut.
550 2908 725 2978 cm.
898 2958 918 2975 .

49 2936 318 3110 Μέῗξί
361 3003 676 3084 laterales
709 2916 919 3087 Γιίἓῖ,
972 2998 1046 3075 δι
1082 2999 1155 3073 iu
1195 2997 1459 3098 ‘quibus
1499 2995 1680 3075 nihil
1722 3001 2105 3095 expuitur,
2157 3022 2321 3096 gra.

154 3107 414 3195 viffimi
458 3103 633 3180 sunt
742 3096 1118 3178 Metuendi
1178 3119 1480 3197 quoque
1519 3143 1541 3186 s
1594 3100 1672 3174 in
1724 3101 1987 3200 quibus
2025 3097 2316 3180 dolores

146 3216 250 3297 ad
286 3206 646 3308 superiora
694 3199 1020 3278 tendunt.
1124 3205 1304 3273 Coae.
1342 3207 1505 3290 38¹·
2282 3291 2323 3314 -.

49 3329 320 3426 Morbi
362 3317 676 3402 laterales
703 3316 1064 3413 graviores
1089 3360 1110 3392 2
1163 3307 1464 3412 quisine
1489 3306 2002 3389 divullionibus
2027 3365 2049 3398 ,
2089 3314 2316 3419 quim

148 3429 293 3534 qui
333 3445 505 3503 cum
559 3410 1067 3495 divulfionibus
1121 3413 1577 3510 contingunt.
1639 3418 1807 3487 coac.
1847 3426 2008 3505 382·

49 3546 105 3625 Α
154 3522 549 3635 pleuritide
586 3511 1232 3620 peripneumonia,
1291 3512 1582 3587 malum.
1686 3510 1844 3603 Apb.
1879 3522 2015 3590 VII.
2049 3539 2160 3595 rr.
2269 3540 2278 3553 ·
2329 3554 2338 3561 ·

49 3658 129 3739 [n
173 3637 447 3719 dolore
479 3632 710 3713 lateris
733 3686 757 3721 ,
810 3625 1169 3728 sauguinis
1208 3620 1249 3701 ὲ
1283 3621 1566 3701 naribus
1595 3619 1879 3702 stillatio
1899 3683 1924 3716 ,
1968 3625 2151 3705 mala
2183 3627 2309 3707 est.

150 3750 345 3827 Coae.
368 3756 540 3836 405.

1185 3843 1263 3941 Q
1306 3869 1354 3932 2
1705 3902 1712 3911 -
2129 3849 2314 3985 ο(2μί
