2644 4428
1045 0 1862 111 raararla'

290 155 451 246 'elle
494 157 649 253 'rati
668 216 695 264 ,
752 153 1012 272 spreta
1068 158 1558 274 antiquitate
1583 216 1609 262 ,
1665 157 1904 248 novis
1963 158 2318 246 tantum„
2355 181 2561 243 auc-

190 336 198 343 ·
294 284 611 387 toribus
661 285 740 368 se
800 284 1295 398 mancipare.
1412 283 1666 399 Qafi
1695 284 2285 397 peregrinator
2344 283 2564 367 mal-

270 413 410 499 .1et
448 410 860 518 incertum
907 411 1063 497 iter
1119 408 1485 526 ingredi,
1544 413 1818 529 quam.
1848 438 2041 518 cum
2093 414 2359 530 perito
2399 409 2566 498 du-

288 565 388 625 ce
444 534 611 650 jam
676 555 987 625 certam
1053 542 1135 628 δι
1196 545 1698 655 exploratam
1740 542 1968 653 viam
2012 542 2259 659 sequi.
2374 545 2566 629 Aut

297 667 799 780 navigator,
870 665 1237 809 neglee'ca
1296 671 1642 756 aliorum
1702 665 1989 783 peritia
2008 729 2034 775 ,
2113 666 2424 757 temere
2457 669 2563 759 se

277 797 461 878 alto
523 791 735 877 mari
793 793 1310 879 committere
1333 852 1358 898 ,
1438 796 1521 882 &
1570 795 1787 879 mille
1840 795 2193 909 pericula
2247 791 2557 880 subire.

270 923 416 1010 Ita
465 921 607 1033 qui
659 917 1141 1034 ampliffimo
1204 920 1630 1009 medicinae
1686 949 1985 1038 campo
2036 925 2115 1008 se
2157 920 2494 1009 tradunt
2517 981 2555 1028 ‚

270 1067 464 1133 non
501 1042 685 1127 satis
710 1038 1071 1152 habent,
1125 1047 1307 1132 lolis
1343 1047 1946 1135 neotericorum
1994 1048 2304 1159 scriptis
2346 1073 2552 1160 ope-

239 1199 464 1259 ·ram
514 1167 705 1261 dare
743 1227 770 1276 ,
841 1168 978 1256 sed
1049 1173 1397 1261 omnino
1459 1174 1712 1259 etiam
1776 1171 2268 1263 venerandae
2329 1174 2557 1260 anti-

278 1294 611 1411 quitatis
655 1315 1199 1383 monumenta
1247 1297 1394 1384 fibi
1445 1296 1937 1385 consulenda
2011 1274 2546 1387 arbitrantur.

277 1415 698 1534 Siquidem
759 1417 1272 1506 vetustiffimi
1335 1419 1499 1533 jam
1560 1420 2154 1528 a11&ores,in
2203 1417 2554 1509 historia

261 1538 833 1643 morborum,
909 1543 991 1627 δε
1051 1536 1416 1656 therapia
1485 1532 1931 1629 excolenda
1956 1600 1984 1647 ,
2065 1545 2547 1659 praeclaram

275 1686 614 1800 operam
655 1660 1147 1773 posuerunt,
1220 1666 1302 1750 δε
1359 1690 1538 1777 quae
1555 1662 1834 1775 longo
1883 1660 2032 1749 usu
2056 1722 2081 1767 ,
2144 1664 2228 1753 ὃς
2291 1690 2548 1781 expe-

228 1812 231 1817 ·
274 1784 568 1868 rientia
635 1779 1153 1890 didicerunt,
1232 1788 1325 1870 in
1396 1785 1740 1895 gratiam
1796 1784 2286 1909 posteritatis
2360 1814 2550 1871 me-

271 1907 560 1999 moriae
598 1902 1160 2029 prodiderunt.
1274 1911 1376 1993 In
1415 1905 1575 1996 hoc
1621 1927 1903 1996 autem
1929 1936 2277 1997 numero
2296 1971 2321 2017 ,
2365 1937 2542 2024 prae

272 2029 559 2114 ceteris
597 2048 844 2143 caput
888 2034 1175 2119 extulit
1212 2035 1839 2123 HIPPOCR
1867 2037 2196 2120 ATES
2257 2040 2538 2159 Cous

273 2172 447 2242 arte
497 2153 580 2240 δι
628 2151 1009 2241 facundia
1066 2175 1243 2243 tam
1291 2156 1442 2243 ms
1416 2180 1681 2270 gnis
1736 2174 1837 2242 ut
1884 2156 1974 2242 in
2019 2154 2386 2246 doctrina
2437 2165 2542 2254 fi..

275 2303 631 2423 gnorum
679 2279 758 2364 δε
800 2281 1433 2392 praesagiorum,
1509 2298 1692 2365 tum
1747 2280 1829 2367 δι
1883 2281 2125 2392 ipfius
2189 2284 2540 2372 curatio-

267 2407 396 2493 nis
431 2463 464 2545 .'
522 2428 829 2514 magno
882 2395 1280 2491 consensu
1328 2406 1699 2521 princeps
1756 2398 2179 2489 habeatur.
2264 2406 2526 2520 Cujus

242 2635 249 2639 ⁷
269 2529 516 2646 proin
564 2526 853 2639 scripta
893 2525 996 2614 ab
1042 2530 1275 2614 omni
1315 2556 1493 2618 aevo
1544 2530 1631 2612 in
1687 2523 1971 2611 scholis
2013 2524 2536 2617 medicorum

264 2655 383 2742 ita
432 2649 936 2736 celebrantur
961 2710 986 2756 ,
1044 2670 1139 2737 ut
1188 2651 1630 2765 graviffimi
1674 2651 1972 2767 quique
2012 2648 2515 2758 Medici‚in

236 2772 640 2865 docenda
711 2777 939 2888 praxi
986 2835 1011 2881 ,
1084 2778 1568 2865 morborum
1633 2775 2060 2864 historiam
2115 2781 2198 2866 δι
2257 2778 2532 2867 thera-

261 2902 489 3018 piam
510 2957 537 3005 ,
592 2926 698 2984 ex
748 2898 916 3012 ejus
957 2901 1266 3014 placitis
1310 2905 1393 2990 &
1434 2903 1874 2991 observatis
1917 2903 2307 2992 illustrare
2325 2965 2352 3013 ,
2395 2907 2531 2994 in-

261 3024 527 3139 deque
573 3025 737 3110 suae
783 3019 1172 3112 doE’trinae
1212 3029 1665 3139 pleniorem
1711 3025 1967 3114 fidem
2014 3033 2276 3116 facere
2319 3056 2524 3119 con-

256 3148 636 3235 tendant.
751 3152 977 3234 Cum
1025 3149 1230 3237 vero
1272 3178 1449 3236 non
1491 3150 1827 3266 quilibet
1885 3155 2077 3241 artis
2139 3162 2523 3266 cultoreS,
2583 3158 2590 3162 ’

254 3279 578 3386 integra
632 3278 920 3362 HIPP.
989 3301 1238 3389 opera
1296 3276 1403 3363 ad
1456 3306 1750 3367 manus
1805 3279 2108 3370 habere
2153 3283 2519 3398 polline,

212 3417 405 3485 aut
465 3398 787 3502 velint,
867 3396 1164 3483 idcirco
1218 3398 1384 3511 jam
1448 3403 1647 3489 olim
1709 3407 1969 3495 valuit
2031 3409 2454 3494 confilium
2488 3470 2521 3515 ,

220 3524 662 3611 seleffiora
734 3520 1111 3638 quaedam
1171 3523 1339 3637 ejus
1425 3532 1802 3641 opuscula
1874 3534 2199 3618 seorsim
2260 3532 2525 3649 publi..

215 3677 440 3740 ’care
466 3709 493 3754 ,
564 3674 744 3764 quae
795 3654 1021 3735 velut
1065 3650 1153 3733 in
1199 3653 1706 3766 compendio
1755 3654 2201 3745 medullam
2290 3661 2523 3775 quafi

145 3889 149 3893 ,
250 3774 684 3894 disciplinae
749 3777 1355 3892 Hippocraticae
1431 3778 1934 3876 exhiberent.
2072 3783 2279 3873 Inde
2283 3815 2536 4026 ‘3213

2457 3950 2497 3999 ο
