2644 4428
290 84 444 158 262
1317 70 1539 153 VEN.

306 218 526 314 Quos
573 218 962 318 derepente
988 275 1008 307 ,
1059 216 1317 320 absque
1361 216 1557 296 febre
1583 264 1602 298 ‚
1659 218 2282 320 praecordiorum
2312 277 2335 308 ,
2385 227 2549 296 auto

408 322 502 396 ris
538 321 913 397 ventriculi
949 320 1199 398 dolor,
1253 334 1378 396 aut
1414 342 1708 396 crurum
1740 368 1763 398 .
1838 320 1923 394 δε
1976 321 2422 397 inferiorum
2444 343 2551 419 par·

410 423 593 497 tium
623 472 642 500 ‚
696 420 989 520 affligit,
1044 421 1383 520 alvusque
1429 417 1889 506 intumescit,
1952 420 2427 510 venaesefflo,
2466 436 2549 494 aut

411 519 549 598 alvi
591 519 826 598 fluxus
861 520 1289 598 solutionem
1337 518 1582 597 adfert.
1694 529 1881 595 coac.
1921 542 2107 616 294

308 614 419 697 Ex
471 625 666 697 venis
710 623 778 696 in
830 644 972 697 auo
1014 618 1429 718 sanguinem
1492 617 1800 696 fundere
1852 618 2089 697 solitis
2146 622 2551 721 aliquantum

414 724 914 820 apparentibus
940 768 964 807 ‚
1015 722 1467 797 tenebricosae
1496 720 1888 817 vertigines
1920 722 2265 801 obortae,
2318 741 2557 818 parram

337 866 344 873 -
419 843 503 897 ac
551 819 790 896 seniim
840 818 1088 897 factam
1145 824 1453 919 partium
1492 818 2020 898 resolutionem
2077 823 2449 907 indicant,
2492 836 2559 891 ex

412 944 562 1018 quo
607 921 855 998 liberat
886 918 1308 998 venaeliecstiO.
1416 928 1595 995 Coae.
1632 935 1797 1015 346.

313 1020 677 1117 Anginam
721 1021 1336 1123 &lippitudinem
1363 1019 1567 1099 solvit
1594 1019 2035 1098 venaesee'tio.
2145 1022 2331 1114 ξνὶᾰ.
2373 986 2596 1243 Mn*

408 1133 510 1198 26

313 1215 399 1299 Iu
443 1222 716 1298 morbis
766 1221 1241 1299 comitialibus
1268 1278 1289 1308 ,
1343 1233 1466 1299 aut
1509 1219 2021 1318 semisyderatis
2046 1278 2071 1310 ,
2127 1218 2428 1298 confert
2466 1217 2563 1292 sta-

417 1324 549 1397 tim
589 1324 677 1399 ab
719 1321 950 1398 initi0.
1059 1329 1159 1395 De
1191 1324 1342 1400 Vic‘l.
1371 1341 1538 1397 aeut.
1571 1329 1967 1400 XXXVIII.
2014 1346 2070 1396 r.
2108 1344 2203 1415 2„

318 1414 406 1500 In
453 1421 873 1525 pleuritide,
928 1420 1274 1523 siquidem
1301 1421 1519 1498 dolor
1570 1420 1659 1496 ad
1710 1421 2139 1499 claviculam
2172 1420 2273 1498 de
2301 1416 2596 1516 &signi-³

417 1519 826 1598 ficationem
871 1524 1175 1620 praebeat
1199 1572 1219 1602 .
1273 1535 1395 1599 aut
1443 1524 1751 1619 gravitas
1806 1522 1896 1598 ad
1962 1521 2353 1599 brachium
2378 1579 2401 1609 ,
2468 1530 2567 1593 aut

415 1623 603 1701 circ·
637 1645 1025 1703 mammam
1053 1679 1075 1710 ,
1151 1635 1274 1699 aut
1319 1620 1521 1723 supra
1569 1620 1849 1719 septum
1896 1620 2425 1697 transversum,
2473 1641 2557 1691 ve-

414 1743 584 1797 nam
622 1719 844 1799 secare
875 1722 1163 1822 prodest
1189 1726 1264 1798 in
1300 1724 1525 1800 cubiti
1576 1720 1846 1801 flexura
1874 1724 2281 1805 internam,
2345 1720 2557 1795 &non

421 1822 734 1900 cunciari
770 1821 1146 1921 copiosum
1172 1822 1587 1920 sanguinem
1643 1820 2061 1909 detrahere,
2122 1823 2381 1896 donec
2408 1817 2562 1893 mul-

421 1934 502 1996 to
544 1924 1010 1998 rubicundior
1059 1921 1392 2010 fluxerit,
1444 1938 1566 2001 aut
1608 1943 1746 2020 pro
1794 1943 1981 2022 puro
2047 1923 2121 1996 δι
2170 1917 2557 1997 rubicundo

423 2020 705 2097 lividus.
758 2029 857 2096 De
890 2026 1041 2099 Via.
1063 2044 1227 2097 acut.
1259 2031 1408 2098 XII.
1445 2048 1505 2114 ς.
1542 2036 1607 2110 8.

325 2117 632 2197 Confert
684 2122 758 2196 iu
814 2124 1084 2199 morbis
1123 2124 1344 2199 acutis
1368 2178 1389 2208 ,
1460 2119 1510 2196 fi
1549 2119 1932 2198 vehemens
1970 2117 2196 2195 fuerit
2235 2120 2560 2201 morbus,

426 2221 497 2297 &
543 2224 712 2321 aegri
751 2237 995 2310 aetate,
1050 2224 1122 2298 &
1156 2225 1423 2299 viribus
1458 2223 1751 2300 valeant.
1859 2229 1959 2294 De
1994 2224 2151 2298 Viel.
2188 2242 2363 2295 acne.

325 2305 396 2397 Si
454 2319 618 2397 alias
663 2337 877 2422 atque
935 2320 1102 2399 alias
1150 2323 1365 2399 dolor
1409 2324 1482 2398 &
1532 2325 1812 2418 vertigo
1866 2323 1943 2394 in
1988 2336 2215 2420 caput
2252 2318 2595 2397 inciderit*

422 2421 712 2521 prodest
750 2425 960 2499 etiam
986 2481 1009 2512 ‚
1063 2421 1112 2496 fi
1166 2421 1443 2522 sanguis
1497 2421 1535 2498 a
1580 2423 1864 2496 naribus
1917 2422 2135 2496 fuerit
2182 2419 2555 2498 detractus,

421 2535 545 2597 aut
593 2519 854 2622 avena
897 2526 978 2598 in
1019 2523 1276 2601 fronte.
1384 2532 1487 2599 De
1513 2521 1733 2617 Affec‘l.
1771 2529 1853 2596 II.
1900 2545 2014 2596 10.

439 2657 613 2731 EJUS
655 2661 900 2724 NOXA.

321 2759 596 2840 Mulier
633 2767 712 2842 in
753 2782 962 2845 utero
998 2789 1290 2866 gerens,
1341 2765 1514 2846 secia
1542 2767 1721 2846 vena
1753 2768 2061 2844 abortit:
2120 2767 2202 2844 δι
2242 2771 2502 2867 magis,
2526 2759 2595 2838 fi³

426 2867 656 2960 major
691 2866 902 2943 fuerit
936 2869 1176 2943 foetus.
1275 2869 1417 2961 Apb
1473 2879 1539 2946 V.
1578 2890 1687 2960 3¹·

327 2959 591 3042 Lateris
636 2966 925 3044 dolores
981 2969 1054 3042 in
1113 2965 1427 3044 febribus
1489 2969 1736 3045 leviter
1776 2965 2147 3056 lirantes,
2210 2967 2288 3044 &
2335 2965 2584 3067 absque

431 3066 576 3142 ulla
609 3064 1120 3165 significatione
1145 3124 1165 3154 ,
1244 3066 1646 3145 venaesestio
1687 3067 1878 3144 laedit
1914 3123 1936 3153 ,
1988 3065 2137 3144 five
2178 3067 2507 3144 aversum
2554 3067 2588 3142 ὲ

431 3169 605 3242 cibis
651 3170 969 3242 animum
1003 3224 1023 3254 ,
1093 3165 1230 3242 five
1291 3168 1553 3245 sublata
1612 3167 2001 3266 praecordia
2064 3190 2263 3266 aeger
2308 3167 2581 3244 habeat

329 3311 344 3326 ·
431 3265 641 3359 Quin
673 3271 881 3342 etiam
938 3269 1012 3342 in
1055 3271 1385 3367 corporis
1421 3267 2007 3366 perfrigeratione
2052 3264 2543 3363 torpescentes
2570 3325 2595 3360 ,Ν

433 3389 586 3440 non
631 3364 768 3443 fine
809 3367 1040 3453 febre,
1097 3366 1451 3467 sanguinis
1493 3367 1833 3445 detractio
1869 3367 2101 3453 laedit,
2149 3367 2219 3440 &
2257 3388 2455 3446 cum
2502 3369 2595 3447 vi?

435 3463 739 3542 deantur
777 3467 996 3543 levius
1031 3468 1328 3555 habere,
1387 3472 1807 3545 moriuntur.
1920 3477 2089 3544 Coae.
2116 3486 2291 3559 491.

332 3578 416 3659 In
475 3580 853 3677 pleuritide
903 3581 1108 3659 sectio
1155 3607 1351 3660 venae
1395 3606 1546 3657 non
1596 3580 1907 3658 {imiliter
1956 3582 2157 3660 solvit
2196 3579 2557 3661 dolorem

429 3679 688 3855 {153¹
730 3683 816 3757 ad
852 3683 1269 3761 claviculam
1312 3685 1676 3784 pertingat
1721 3683 1965 3761 dolor.
2073 3689 2197 3759 De.
2227 3687 2395 3763 viel.
2436 3704 2575 3762 acus

2590 2204 2596 2250 1
