2644 4428
742 33 1022 158 cm
1162 61 1169 66 ·
1314 23 1326 60 ²
1482 43 1717 154 eno·
1936 0 1945 5 ’
2258 43 2368 148 η·

74 176 660 266 CERVICIS
733 173 1188 276 DOLOR.

208 303 312 369 an
353 303 803 398 mmmmm..
870 379 877 398 ,

284 402 387 465 cA
394 404 563 466 σει
600 401 1260 484 anmantuus,

66 497 565 616 Veheiqeutes
599 501 911 587 faucium
926 509 1256 590 ‘dolorem
1370 515 1540 587 cm.
1573 519 1738 598 268.

189 647 295 711 AD
348 648 810 717 PROGNOSIN.

304 745 704 812 MELIORIS
748 742 1031 808 NOTA-5,

56 838 351 940 Capitis
391 841 464 915 δι
503 835 795 919 cervicis
840 839 1060 918 dolor
1082 892 1107 928 ,
1155 862 1242 919 ac
1278 839 1503 918 totius
1541 839 1867 940 corporis
1900 841 2334 946 impotentia-

176 939 504 1041 quaedam
526 988 552 1028 ‚
600 962 770 1016 cum
808 953 1117 1018 tremore
1138 994 1164 1028 ,
1215 937 1269 1016 fi
1317 938 1673 1037 sanguinis
1714 942 1995 1042 eruptio
2039 947 2326 1028 accesso.

175 1045 287 1117 rit.
398 1047 570 1117 coac.
605 1060 766 1133 170.
2263 1111 2268 1114 .

52 1138 397 1221 Cervicis
433 1138 645 1217 dolor
692 1161 784 1216 ex
820 1139 1061 1236 rigore
1085 1193 1106 1225 ,
1159 1153 1327 1216 cum
1367 1135 1775 1218 laffitudinis
1818 1137 2009 1220 sensu
2049 1143 2327 1228 febrici-

170 1237 482 1317 tantibus
514 1236 1007 1338 superveniens
1030 1293 1053 1325 ,
1105 1236 1179 1313 δε
1212 1239 1491 1317 narium
1523 1236 2117 1344 haemorrhagiam
2153 1271 2323 1351 prae-

165 1339 456 1438 sagiens.
563 1346 738 1440 epac.
772 1356 929 1432 555.

288 1460 779 1526 DETERIORIS
832 1455 1099 1525 NOTAE.

52 1568 390 1651 Cervicis
420 1625 443 1656 ‚
496 1569 1047 1667 cubitorumque
1100 1562 1388 1642 dolores
1417 1615 1438 1644 ‚
1514 1567 2009 1648 convulsioues
2048 1571 2319 1650 minan.

166 1685 331 1757 tur3
396 1692 487 1746 ex
528 1667 702 1745 facie
740 1680 979 1745 autem
1018 1663 1108 1743 ad
1144 1662 1383 1743 fauces
1435 1666 1559 1743 ista
1591 1669 2016 1767 procedunt.
2121 1681 2306 1750 Coae.

169 1790 335 1862 270.
388 1768 663 1843 Praedifil.
695 1774 744 1843 1.
787 1789 814 1842 1
834 1790 943 1863 14.
1915 1767 1922 1774 ’

44 1867 383 1950 Cervicis
426 1867 640 1945 dolor
676 1867 756 1944 in
794 1864 996 1943 omni
1042 1859 1334 1963 quidem
1379 1862 1575 1942 febre
1599 1919 1622 1951 ,
1675 1862 1941 1941 malum
1982 1890 2002 1942 ε
2090 1868 2165 1944 iu
2203 1863 2315 1948 his

165 1964 341 2047 verb
386 1963 755 2067 peffimum
782 2015 802 2045 ,
872 1964 946 2040 in
992 1962 1250 2063 quibus
1294 1963 1509 2039 etiam
1554 1962 1993 2045 vehementis
2036 1966 2317 2049 insaniae

166 2084 401 2146 metus
437 2066 551 2145 est.
659 2075 840 2141 Coac.
888 2084 1042 2159 ¹73·
1120 2061 1401 2139 Ρναάὶὲἶ.
1431 2071 1481 2138 1.
1520 2085 1636 2159 73.

305 2187 733 2254 LETHALIS.

48 2298 336 2381 Cei-xix
369 2291 544 2371 dura
570 2347 593 2381 ,
645 2312 814 2369 cum
851 2286 1105 2365 dolore
1133 2341 1155 2373 ,
1206 2284 1653 2364 maxillarum
1687 2286 2168 2375 counexione,
2203 2287 2311 2380 iu-

159 2396 518 2497 gularium
564 2412 900 2468 venarum
946 2386 1410 2487 palpitatione
1450 2384 1857 2465 vehementi
1883 2440 1910 2476 .
1960 2408 2045 2466 ac
2081 2384 2312 2465 teudi·

164 2498 334 2574 naui
373 2488 812 2571 distenfioue.
894 2497 1071 2564 Coac.
1105 2499 1277 2565 261.

45 2688 634 2781 CERVICIS
710 2682 1391 2766 VERTEBRA.

42 2823 353 2922 Quibus
393 2819 669 2919 spiritus
722 2812 1097 2894 retrahitur
1121 2868 1144 2902 ,
1196 2812 1271 2890 δε
1313 2833 1466 2890 vox
1512 2807 2105 2911 strangulabunda
2155 2807 2256 2886 est
2280 2863 2306 2897 ,

159 2927 246 3001 iis
290 2920 578 3000 cervicis
614 2915 933 2994 vertebra
968 2909 1161 2992 intr&
1196 2909 1466 2990 desidet
1485 2964 1508 2998 ,
1545 2913 1638 2989 ³&
1669 2908 1760 2988 ad
1806 2910 2081 2989 exitum
2119 2907 2315 2985 velut

160 3046 255 3103 ex
288 3014 754 3099 convulsione
780 3012 1085 3118 quadarn
1100 3068 1124 3103 ,
1162 3006 1524 3116 respiratio
1564 3010 1872 3091 ducitur.
1928 3016 2107 3086 coac.
2130 3015 2304 3088 266.

40 3224 124 3309 C
152 3219 224 3302 H
250 3219 328 3303 Ο
355 3214 414 3299 L
438 3215 497 3297 E
521 3213 588 3296 R
613 3215 696 3296 A.

180 3336 287 3404 Au
325 3332 762 3404 nucuosm.

256 3445 531 3539 causa:
579 3436 1242 3507 maerorum.

43 3554 256 3640 AEtas
297 3551 527 3629 virilis.
630 3546 792 3644 Apb.
838 3552 955 3625 111.
992 3568 1106 3639 30.

47 3656 392 3758 Tempus
437 3650 767 3732 aestivum.
871 3645 1043 3742 Epid.
1096 3652 1243 3777 ⁸VII.
1289 3650 1428 3723 XL.
1466 3664 1574 3738 ¹9·

1128 3821 1206 3905 D
1260 3847 1300 3920 3
2066 3812 2323 3895 carnis
