2644 4428
76 1 83 176 j
410 0 2577 104 amum.mazQW†⁷

78 196 87 215 .
158 137 688 226 AESCULAPu
710 199 736 233 ,
784 141 1151 242 'Apollinis
1197 140 1329 223 filii
1357 198 1381 230 ,
1433 164 1525 219 ex
1570 139 1946 222 Coronide
1982 138 2295 246 Phlegiae

110 239 219 323 ffn.
272 252 366 321 Ν.
412 265 487 324 2.
534 243 725 325 Nam
755 258 898 323 tres
938 240 1210 343 alioqui
1237 240 1677 343 AEsculapios
1733 241 2013 322 Cicero
2050 267 2297 322 recen..

102 341 199 426 fit,
242 344 572 446 primum
625 343 829 423 illum
868 398 894 432 ,
945 345 1075 445 qui
1128 340 1496 444 speculum
1540 343 1942 431 invenerit,
1991 345 2295 444 primns-

102 466 200 546 que
240 444 513 524 vulnus
553 443 887 623 obliffirit
911 499 935 531 ,
985 466 1207 544 quem
1256 439 1564 520 Arcades
1606 439 1982 530 colebant,
2040 442 2294 524 Messe.

98 547 248 622 num
294 560 524 636 ortu,
573 541 704 645 Epi
795 543 1282 631 nriincolam,
1334 543 1463 622 ubi
1502 541 1579 618 δι
1614 542 1968 642 templum
2006 544 2071 619 ei
2100 568 2295 624 erec-

98 658 242 723 nm:
291 645 609 724 alterum
648 643 995 723 Mercurii
1035 642 1084 719 f.
1128 640 1432 720 fulmine
1550 638 1855 721 rcuss'um
1878 698 1901 730 ,
1952 641 2051 720 ob
2084 644 2295 723 result.

72 747 337 824 *numm
389 758 770 825 mortuum
795 799 821 833 ,
871 739 1256 842 Cynosuris
1290 741 1409 842 sep
1490 755 1686 818 nim:
1736 744 2027 821 tertium
2050 742 2288 864 Δεῦρ-

94 844 141 941 pi
175 845 239 922 δι
279 842 618 925 Arfinoes
650 900 674 934 ,
741 846 870 945 qni
936 844 1206 943 primus
1247 841 1384 920 alvi
1426 840 1927 939 purgationem
1955 898 1979 932 ,
2034 842 2295 922 dentis-

91 965 193 1039 que
220 942 667 1023 evulfionem
720 946 981 1044 reperit
1003 999 1025 1033 ,
1079 943 1160 1019 in
1195 939 1494 1024 Arcadia
1534 939 1887 1019 humatus·
1976 941 2293 1024 Trirme-

92 1044 258 1140 gilius
284 1043 781 1145 AEsculapinm
810 1042 1232 1144 AEgyptium
1269 1041 1438 1120 facit
1458 1095 1482 1126 ‚
1535 1040 1911 1120 medicinae
1961 1044 2293 1124 inventoe

88 1164 236 1233 tem,
288 1149 415 1223 cui
450 1160 598 1221 tem
656 1145 804 1221 lum
849 1148 928 1221 in
975 1155 1224 1220 monte
1257 1139 1499 1243 Libyae
1532 1140 2018 1220 consecratum
2050 1142 2286 1227 fiserit.

96 1244 155 1319 lt
181 1268 303 1323 cnr
350 1243 553 1322 nulla
659 1247 720 1323 'c
764 1242 1042 1323 Paeonis
1108 1244 1384 1320 mentio
1418 1297 1441 1329 ,
1494 1263 1710 1341 quem
1759 1239 2092 1320 Deorum
2139 1268 2291 1323 me-

88 1340 280 1421 dcum
325 1345 507 1422 facit
539 1342 914 1422 Hormus
949 1398 972 1432 ,
1025 1366 1194 1420 cum
1243 1340 1620 1440 AEsculapii
1651 1353 1969 1432 tantum,
2014 1356 2100 1421 ut
2149 1343 2291 1423 ho-

93 1446 298 1533 minis,
324 1444 807 1524 meminerit?
858 1445 971 1522 An
1005 1441 1209 1544 quod
1259 1442 1349 1519 ab
1396 1440 1732 1540 Apolline
1779 1441 2090 1540 profesta
2138 1467 2289 1524 me-

92 1540 279 1621 dicina
317 1600 341 1633 ,
410 1543 663 1624 Paeoni
711 1540 1040 1622 Deorum
1094 1598 1118 1631 ,
1184 1540 1589 1642 AEsculapio
1645 1538 2030 1619 hominum
2091 1543 2290 1625 must

96 1644 460 1722 concredita
497 1644 697 1724 fuit?
784 1657 868 1721 ut
924 1641 1230 1743 proinde
1277 1664 1430 1718 non
1499 1655 1645 1718 tam
1694 1638 1970 1720 Paeonis
1990 1698 2014 1732 ,
2067 1665 2294 1745 quam

92 1738 431 1845 AEsculapii
488 1742 611 1822 hic
652 1745 831 1821 ratio
880 1743 1095 1821 fuerit
1136 1740 1481 1819 habenda.

160 1839 521 1923 Faunum
566 1841 998 1922 AEscumrn.
1070 1839 1357 1921 Pmms
1408 1848 1478 1917 L.
1514 1852 1627 1934 36.
1699 1840 1775 1917 δε
1842 1837 2285 1923 Humerus

93 1956 360 2119 mor
407 1957 793 2021 numerant
852 1941 1230 2042 AEsculapii
1271 1939 1446 2018 filias
1468 1994 1490 2028 ,
1547 1936 1877 2039 Hygeam
1896 1996 1918 2030 ,
1968 1939 2228 2043 AEglen
2252 2002 2278 2036 ,

238 2066 468 2132 ceam,
525 2044 602 2120 δι
641 2039 808 2143 Jaso
832 2099 855 2131 ,
906 2065 998 2119 ex
1041 2039 1215 2120 Lam
1313 2042 1407 2118 tia
1443 2039 1607 2117 solis
1632 2038 1772 2117 filia
1816 2054 2053 2135 natas3
2103 2066 2283 2143 qua.

95 2159 213 2218 mm
248 2142 489 2223 fratres
527 2144 730 2221 fuere
764 2141 1189 2221 Podalirius.
1314 2138 1699 2220 Machaon.
1804 2134 1947 2220 Hic
1978 2139 2281 2223 duarum

97 2239 328 2320 nutum
377 2245 705 2323 meminit
724 2299 747 2332 ,
799 2257 1135 2343 tanquam
1181 2254 1356 2319 natu
1398 2242 1797 2336 maiorum:
1898 2264 2153 2318 uarum
2182 2245 2279 2321 al-

90 2349 205 2416 tera
224 2341 483 2420 sanitati
520 2346 819 2442 integrae
847 2341 1089 2440 praeest
1112 2397 1135 2432 ,
1185 2343 1294 2419 uti
1322 2338 1772 2418 conservetur
1796 2396 1819 2427 ,
1942 2363 2124 2441 ygea
2157 2341 2284 2421 sci-

92 2434 237 2518 licet.
285 2452 377 2523 Ν.
417 2467 476 2537 3.
504 2444 719 2522 altera
753 2444 986 2521 eidem
1031 2438 1485 2527 labefactatae,
1536 2440 1644 2517 uti
1676 2438 2071 2518 restituatur
2100 2499 2123 2531 ,
2152 2440 2279 2523 Pa-

89 2556 267 2618 naoea
301 2544 657 2624 nimirum.
712 2550 804 2619 N.
838 2566 906 2638 4.
959 2540 1280 2642 Reliquae
1316 2538 1478 2619 duae
1504 2588 1525 2621 ‚
1569 2553 1736 2617 natu
1767 2540 2129 2632 minores,
2158 2539 2280 2644 Ja-

90 2631 146 2712 so
175 2639 450 2736 quidem
497 2642 875 2724 utilitatem
912 2640 1338 2728 hominum,
1390 2642 1515 2740 qui
1555 2638 1692 2715 sese
1732 2638 2026 2719 medicis
2073 2665 2279 2721 com..

91 2737 302 2847 tuisere
333 2797 355 2831 ,
398 2742 679 2821 videtur
705 2745 1088 2819 denotare:
1140 2737 1348 2839 AEgle
1373 2734 1545 2816 vero
1592 2739 1900 2836 gloriam
1928 2796 1951 2829 ,
1979 2741 2053 2820 δι
2097 2744 2274 2822 exii:-

94 2840 489 2917 nmationem
531 2898 555 2931 ,
627 2865 788 2941 quae
837 2841 1202 2919 medicum
1249 2842 1652 2917 comitatur.
1786 2837 1994 2935 Quid
2040 2839 2215 2923 vero
2244 2893 2271 2935 .

90 2938 257 3028 quod
292 2938 585 3019 filiarum
609 2945 855 3042 potius
877 2998 899 3029 ,
952 2962 1169 3039 quam
1208 2936 1520 3015 filiorum
1545 2936 1730 3016 sacra
1761 2936 1882 3018 hic
1904 2939 2003 3017 est
2034 2941 2279 3021 aucto-

94 3033 270 3113 ritas?
341 3044 446 3119 An
496 3041 702 3143 qnod
752 3065 879 3142 per
898 3039 1083 3117 filios
1112 3029 1489 3137 AEsculapii
1514 3087 1536 3119 ‚
1585 3037 1925 3135 ipsosmet
1972 3040 2272 3120 artifices

94 3134 369 3216 medicos
398 3139 765 3241 ingeniosa
795 3141 1196 3239 exprimere
1242 3138 1475 3215 voluit
1511 3139 1654 3215 anti
1711 3138 1930 3215 uitas:
1981 3161 2111 3240 per
2142 3139 2273 3220 fili-

98 3248 152 3303 2
188 3235 344 3316 vero
384 3265 500 3328 ea,
557 3264 721 3340 quae
764 3243 840 3316 in
881 3235 1039 3340 ipfis
1063 3240 1591 3338 requirerentur
1630 3260 1679 3314 o
1761 3239 1866 3314 cia
1890 3287 1912 3317 ,
1963 3260 2282 3343 ςυκςιιε,

99 3333 342 3413 eosdem
365 3339 965 3443 consequerentur
990 3350 1406 3415 ornamenta
1429 3359 1455 3429 3
1504 3359 1819 3436 quorum
1847 3338 1924 3415 8(
1950 3338 2264 3438 adeptio,

99 3424 159 3500 ἃ
182 3434 461 3526 poss'effio
499 3439 834 3522 Deorum
882 3440 1314 3538 benignitate
1352 3436 1796 3515 obtineretur
1818 3493 1844 3527 ,
1893 3438 2272 3522 confirma-

99 3538 739 3720 ηῗῐιξιὲεἱῖιιάἰαωῐ
771 3636 1187 3754 jurisjnrmdi
1230 3643 1493 3755 ’κρανία
1516 3692 1539 3724 ,
1592 3633 1769 3736 quid
1807 3605 2004 3734 xjurei:
2034 3637 2272 3718 Medi·
2313 3653 2330 3686 ⁸

102 3742 239 3807 cuz:
281 3735 581 3821 videlicet
603 3738 790 3818 infra
820 3736 1071 3841 scnpta
1113 3759 1359 3917 omnAa
1383 3732 1517 3813 sese
1543 3758 1679 3839 pro
1708 3735 1930 3840 poss'e,
1967 3738 2040 3816 δι
2071 3739 2275 3916 1ιῖβέ

1381 3859 1437 3934 4
2173 3864 2274 3918 uo
