2644 4428
288 50 295 63 .
430 0 769 84 tamur,
815 0 1026 90 nin.
1073 0 1297 71 need.
1333 0 1554 91 Zving.
1608 0 1945 74 cumano:

122 188 127 195 -
185 121 705 211 AESCULAPH
728 185 754 219 ,
802 127 1168 228 ‘Apofflnis
1214 126 1348 209 filii
1376 185 1398 216 ,
1450 152 1542 206 ex
1586 127 1963 209 Coronide
1999 126 2312 234 Phlegiae

118 223 246 308 filia.
299 237 388 305 N.
428 250 504 309 2.
553 228 742 311 Nam
773 244 916 309 tres
954 226 1227 329 alioqui
1253 227 1693 330 AEsculapios
1750 226 2030 309 emano
2067 255 2313 311 recen..

110 326 229 409 fet,
273 329 589 430 primum
641 329 847 409 illum
885 384 911 417 ,
961 331 1091 431 qui
1144 327 1512 430 speculum
1556 331 1958 419 invenerit,
2008 332 2311 432 primus-

112 451 231 531 que
270 429 531 508 vuinus
569 428 904 531 obligarit
928 483 950 517 ,
1003 451 1223 529 quem
1272 426 1579 507 Arcades
1621 427 1958 507 colebant
1976 485 1998 518 ,
2056 430 2311 512 Messe.

112 531 279 607 nium
322 544 541 621 ortu,
589 527 922 631 Epidauri
947 529 1298 617 incolam,
1350 530 1479 609 ubi
1518 528 1595 605 δι
1630 530 1984 630 templum
2022 533 2087 607 ei
2117 556 2311 612 ereo-

114 642 273 707 tum:
320 629 625 711 alterum
662 628 1011 709 Mercurii
1051 628 1100 706 f.
1144 627 1445 707 fulmine
1566 626 1871 708 rcussum
1894 686 1916 717 ,
1968 631 2068 708 ob
2100 632 2312 711 result.

67 774 73 789 ·
111 730 364 808 dtamm
410 744 787 811 mortuum
813 786 837 818 ‚
887 726 1271 829 Cynosuris
1303 727 1424 847 -sep
1505 742 1701 805 tum:
1752 732 2043 809 tertium
2065 730 2304 852 Δεῦρ-

111 828 168 926 pi
205 828 271 905 ἃ.
308 827 633 910 Arsinoes
666 887 690 919 ,
757 832 886 931 qui
952 831 1221 927 primus
1263 828 1399 907 alvi
1441 829 1943 927 purgationem
1970 886 1994 920 ,
2050 830 2311 910 dentis-

110 949 225 1025 que
252 927 682 1008 evuifionem
736 931 997 1030 reperit
1018 987 1040 1018 ,
1094 930 1175 1006 in
1210 926 1508 1011 Arcadia
1549 926 1902 1007 humatus.
1988 929 2308 1012 Trisme-

110 1028 289 1125 gistus
313 1028 797 1130 AEsculapium
825 1028 1244 1130 AEgyptium
1286 1029 1453 1107 facit
1473 1083 1497 1114 ‚
1550 1029 1927 1108 medicinae
1976 1033 2308 1112 inventoe

107 1148 268 1217 rem,
318 1133 433 1208 cui
464 1146 614 1207 tem
669 1130 819 1207 lum
865 1135 943 1207 in
990 1143 1239 1207 monte
1272 1126 1514 1230 Libyae
1545 1128 2033 1208 consecratum
2065 1130 2301 1215 fiserit.

114 1227 183 1304 At
211 1252 330 1307 cur
372 1229 566 1307 nulla
674 1232 736 1309 ‘c
779 1228 1057 1309 Paeonis
1122 1231 1399 1307 mentio
1432 1285 1455 1317 ,
1509 1251 1725 1329 quem
1775 1227 2107 1308 Deorum
2152 1257 2306 1312 me-

108 1324 308 1405 dicum
350 1329 519 1407 facit
554 1328 929 1408 Humane
963 1385 986 1419 ,
1040 1353 1208 1407 cum
1258 1327 1635 1428 AEsculapii
1666 1341 1985 1418 tantum,
2031 1344 2115 1409 ut
2164 1331 2306 1412 ho.

110 1429 323 1517 minis,
346 1430 822 1511 meminerit?
873 1431 985 1508 An
1019 1428 1223 1531 quod
1274 1429 1364 1506 ab
1411 1428 1745 1529 Apolline
1793 1429 2105 1528 profecta
2152 1457 2306 1512 me-

110 1523 305 1607 dicina
340 1585 363 1617 ,
426 1529 677 1609 Paeoni
726 1527 1054 1608 Deorum
1107 1584 1133 1618 ,
1198 1527 1603 1629 AEsculapio
1659 1526 2044 1607 hominum
2105 1532 2304 1614 mula

113 1628 473 1707 couci-edita
508 1629 712 1710 fuit?
800 1644 884 1706 ut
939 1626 1244 1729 proinde
1291 1651 1445 1709 non
1513 1640 1660 1705 tam
1708 1626 1986 1708 Paeonis
2006 1686 2028 1720 ,
2081 1654 2302 1734 quam

111 1722 445 1829 AEsculapii
499 1729 625 1807 hie
666 1731 846 1807 ratio
895 1729 1109 1807 fuerit
1150 1727 1495 1806 habenda.

184 1822 531 1906 Faunum
580 1827 1012 1908 AEscuuru.
1085 1826 1371 1907 Pmms
1422 1835 1492 1904 L.
1528 1840 1641 1922 36.
1713 1828 1789 1905 ἀ
1856 1825 2299 1912 Humerus

111 1940 377 2098 §mmor
422 1943 808 2007 numerant
866 1928 1244 2029 AEsculapii
1285 1925 1460 2004 filias
1480 1982 1503 2016 ,
1561 1924 1891 2027 Hygeam
1910 1984 1932 2018 ,
1982 1927 2242 2031 AEgien
2266 1990 2292 2024 ,

150 2048 479 2118 maccam,
536 2030 613 2106 δι
655 2025 869 2129 Jaso,
920 2052 1011 2105 ex
1054 2026 1228 2107 Lam
1285 2029 1420 2105 etia
1457 2026 1621 2104 solis
1645 2026 1786 2106 filia
1830 2042 2067 2123 natas3
2117 2055 2297 2132 qua.

110 2143 237 2202 tutu
268 2126 500 2207 fratres
538 2130 744 2206 fuere
778 2127 1170 2207 Podalirius
1192 2051 1282 2205 ἕ

111 2223 344 2305 nutum
389 2231 718 2308 meminit
738 2285 761 2318 ,
812 2244 1148 2330 tanquam
1194 2241 1370 2306 natu
1411 2229 1810 2323 maiorum:
1912 2252 2167 2305 uarum
2195 2233 2292 2309 al-

106 2333 226 2437 ipta
244 2326 494 2406 sanitati
530 2333 833 2428 innegrae
860 2328 1101 2426 praeest
1125 2385 1148 2417 ,
1198 2330 1307 2406 uti
1336 2324 1785 2444 conservetur
1809 2383 1832 2415 ,
1861 2252 2137 2429 ,ci-lygea
2170 2328 2297 2409 sci-

108 2419 254 2502 iicet.
299 2438 388 2507 Ν.
427 2453 487 2523 3.
514 2430 732 2508 altera
766 2430 999 2506 eidem
1044 2425 1498 2514 labefastatae,
1549 2439 1657 2504 uti
1689 2425 2083 2506 restituatur
2113 2488 2137 2519 ,
2165 2428 2292 2511 Pa-

107 2541 282 2603 naom
314 2530 670 2610 nimirum.
725 2536 818 2605 N.
850 2553 918 2625 4.
971 2526 1293 2629 Reliquae
1330 2525 1491 2606 duae
1517 2576 1539 2608 ‚
1583 2541 1749 2604 natu
1781 2528 2095 2606 minores
2117 2587 2142 2620 ‚
2171 2527 2293 2632 Ja-

106 2616 165 2697 fi>
192 2625 459 2721 quidem
506 2630 889 2712 utilitatem
925 2625 1308 2706 hominum
1328 2682 1350 2716 ,
1401 2628 1527 2727 qui
1568 2624 1705 2703 sese
1745 2626 2039 2707 medicis
2086 2653 2292 2709 com..

108 2722 313 2832 uisere
341 2783 363 2817 ,
406 2728 690 2807 videtur
717 2731 1100 2806 denotare:
1152 2724 1360 2826 AEgle
1386 2722 1557 2803 vero
1605 2726 1913 2823 gloriam
1941 2783 1964 2816 ,
1992 2729 2066 2808 δι
2110 2732 2287 2810 exii:-

109 2826 496 2904 nmationem
539 2884 563 2918 ,
639 2851 800 2929 quae
849 2826 1214 2905 medicum
1261 2828 1664 2904 comitatur.
1799 2824 2007 2922 Quid
2053 2827 2228 2911 vero
2257 2881 2284 2923 .

106 2923 268 3014 quod
303 2924 591 3005 filiarum
620 2931 867 3028 potius
890 2984 911 3016 ,
964 2949 1181 3026 quam
1220 2923 1531 3002 filiorum
1557 2923 1742 3003 sacra
1773 2923 1893 3005 hic
1917 2927 2016 3005 est
2046 2929 2291 3009 aucto-

109 3018 282 3097 tim?
350 3030 455 3105 An
505 3027 714 3129 quod
764 3051 891 3128 per
910 3025 1095 3103 filios
1124 3016 1501 3124 AEsculapii
1526 3074 1548 3105 ‚
1596 3023 1937 3121 ipsosmet
1984 3028 2284 3108 artifices

110 3119 377 3203 medicos
407 3125 777 3227 ingeniosa
809 3127 1208 3223 exprimere
1253 3125 1487 3202 voluit
1523 3126 1666 3202 anti
1723 3126 1943 3202 uitas:
1993 3149 2123 3228 per
2154 3127 2322 3208 fili-s

112 3234 166 3289 ²⁸
200 3221 353 3302 vero
393 3251 510 3315 ea,
568 3250 733 3326 quae
776 3229 852 3302 in
892 3222 1050 3326 ipfis
1075 3226 1603 3325 requirerentur
1643 3247 1692 3300 o
1773 3226 1878 3302 cia
1902 3275 1924 3305 ,
1976 3248 2294 3331 ςυπειιιο,

115 3319 351 3399 comem
375 3325 976 3428 consequerentur
999 3337 1418 3402 ornamenta
1440 3346 1466 3416 3
1516 3346 1830 3423 quorum
1859 3325 1936 3402 Bc
1962 3326 2276 3426 adeptio,

115 3409 169 3486 ἃ
192 3421 472 3513 possfflio
509 3425 845 3507 Deorum
892 3426 1326 3524 benignitate
1364 3423 1807 3502 obtineretur
1829 3482 1856 3513 ,
1905 3426 2283 3508 confirma·
2387 3455 2390 3458 *

116 3524 750 3743 tetz'ffldnieindicatnr
782 3623 1198 3741 jureijaermdi
1241 3629 1505 3741 materia
1527 3680 1550 3712 ,
1600 3621 1780 3723 quid
1818 3593 2015 3722 ,juret
2045 3625 2283 3706 Medi·
2325 3643 2342 3676 ⁸

118 3729 247 3794 cus:
289 3721 594 3806 videlicet
614 3724 801 3804 infra
830 3723 1081 3828 scripta
1124 3746 1371 3904 omnAa
1395 3719 1528 3800 sese
1554 3746 1690 3827 pro
1719 3723 1940 3828 poffe,
1978 3726 2051 3804 δε
2082 3727 2286 3904 nosse

1392 3845 1448 3920 4
2184 3853 2285 3907 uo

1328 2125 1712 2206 Machaon.
1818 2122 1961 2207 Hic
1992 2127 2295 2211 duarum
