2644 4428
1024 0 1245 106 'm
2131 13 2286 114 ’ἑοὶ

124 174 501 252 omnibus
538 170 909 275 pulmonis
958 174 1230 252 morbis
1259 223 1282 254 ,
1383 187 1388 192 ’
1475 167 1764 258 merline:
1817 179 1893 259 ee
1949 167 2282 264 sternuta-

121 278 399 450 tione?
451 289 608 351 tum
656 274 905 398 praeire
931 330 956 365 ,
1005 278 1166 352 tum
1210 195 1573 379 subg-sui,
1629 284 1919 362 malum}
2008 290 2278 368 Γαΐω.

121 396 240 464 33.
360 403 482 449 oac.
519 395 554 466 3
613 401 683 466 9.
1347 391 1360 406 '
1545 395 1556 408 ·
1707 389 1716 398 ’
1835 397 1846 407 ·

121 474 506 572 ρίευτίῐίἀε
550 402 1141 575 ἕετίρηειιιῃοηίει
1167 532 1191 565 ,
1243 475 1534 555 malum.
1638 476 1800 572 Apb.
1837 483 1981 558 VII.
2019 503 2131 564 ιι,

121 577 731 674 aeripneumonia·
760 572 1145 673 phrenitis,
1201 576 1490 654 malum.
1594 580 1754 671 Aph.
1786 584 1927 656 VH.
1965 603 2077 659 12.

121 675 497 751 aleuritide
521 732 541 761 ,
594 686 716 752 aut
752 671 793 750 a
819 676 1413 774 peripneumonia
1442 677 1736 756 detento
1761 729 1781 758 ‚
1833 676 1971 760 alvi
2002 680 2278 790 proflu-

121 776 322 851 vium
359 773 891 874 superveniens,
943 780 1231 855 malum.
1334 778 1494 872 Apb.
1533 786 1638 854 VI.
1684 794 1791 856 ιε.

121 878 156 950 ·i
225 873 525 952 refidere
546 876 699 951 vult
729 898 920 972 aeger
940 931 962 962 ,
1018 882 1283 951 malum
1308 878 1603 978 quidem
1635 880 1976 958 indicium
2009 884 2085 958 in
2114 907 2277 961 acu-

121 978 201 1052 :is
259 977 578 1061 morbis,
633 975 751 1053 sed
784 973 1005 1072 longe
1036 973 1409 1075 peffimum
1451 979 1528 1053 in
1567 978 2006 1078 pulmonum
2061 984 2136 1060 δι
2184 985 2280 1063 la-

121 1098 354 1152 :erum
392 1074 765 1153 affeffibuS.
877 1083 1053 1156 coac.
1094 1099 1265 1172 497.
1322 1099 1352 1166 J
1719 1155 1726 1162 ,
1907 1099 1916 1108 ·

122 1174 577 1276 pulmonum
625 1178 805 1253 vitiis
828 1232 849 1262 ,
902 1175 1111 1276 supra
1150 1174 1454 1262 modum
1489 1177 1714 1256 rubrae
1740 1177 2108 1279 sanguinis.
2135 1179 2278 1268 stila.

124 1301 191 1354 ae
230 1332 256 1364 ,
312 1278 580 1352 malum
616 1274 1063 1354 denunciant.
1173 1285 1350 1353 Coae.
1375 1299 1544 1371 412.
2249 1319 2254 1326 ·

128 1376 582 1476 pulmonum
625 1374 1301 1456 inflammationibus
1351 1374 1593 1467 ficciS,
1649 1381 1772 1481 qui
1823 1403 2048 1481 pauca
2095 1405 2272 1463 cou-

121 1473 322 1554 :ofia
367 1476 685 1553 educunt
718 1533 738 1563 ,
791 1476 1155 1555 metuendi
1203 1478 1381 1555 sunt.
1492 1484 1672 1556 Coae.
1707 1494 1875 1574 416.
2243 1555 2260 1572 .

121 1578 296 1653 unia
339 1575 531 1674 sputa
560 1578 738 1654 mala
772 1575 971 1665 sunt,
1023 1601 1183 1680 quae
1219 1578 1550 1656 dolorem
1596 1605 1751 1658 non
1793 1579 2049 1661 sedant.
2102 1579 2277 1660 Ρα-

121 1697 241 1752 wt.
276 1695 396 1772 97.
454 1685 628 1751 cm.
668 1702 827 1774 391.
1148 1757 1171 1774 ‚
2034 1689 2040 1695 ’

121 1793 329 1855 atum
350 1832 372 1863 ,
427 1773 472 1850 fi
510 1778 744 1854 multo
773 1778 932 1878 post
957 1776 1287 1855 dolorem
1308 1805 1358 1864 ,‘
1381 1775 1681 1864 flavum,
1735 1790 1860 1855 aut
1883 1803 2037 1858 non
2069 1804 2272 1866 com,-

121 1879 429 1952 nixtum
473 1880 780 1972 rejicitur
811 1935 832 1964 ‚
883 1902 1019 1955 nec
1055 1902 1204 1955 non
1241 1875 1387 1955 fine
1424 1880 1647 1956 multa
1679 1876 1832 1956 tuffi
1857 1936 1879 1969 ,
1917 1879 2268 1960 vitiosum

121 1973 455 2054 :ense-tur.
563 1985 749 2057 Coac.
792 2002 952 2072 390.
1008 1988 1269 2054 Praenot.
1306 1994 1422 2073 87.
2239 2053 2245 2060 .

121 2077 356 2153 nnino
384 2090 621 2153 autem
660 2101 954 2177 pravum
984 2135 1005 2165 ,
1058 2076 1320 2155 flavum
1357 2075 1405 2151 fi
1438 2074 1781 2156 sincerum
1813 2078 1948 2158 est,
2004 2078 2076 2152 Sc
2107 2080 2269 2177 glu÷

121 2174 432 2254 tinosum
463 2232 483 2262 ,
557 2179 629 2255 &
669 2177 1090 2258 candidum,
1150 2181 1222 2256 ἃ
1263 2178 1660 2257 rotundum
1691 2230 1711 2259 ‚
1780 2182 2100 2281 itemque
2154 2204 2270 2256 ve·

121 2279 490 2354 hementer
540 2302 629 2353 ex
676 2281 911 2355 virore
953 2281 1331 2378 pallescens
1371 2308 1391 2363 ς
1467 2281 1813 2381 quodque
1856 2277 2267 2379 spumosum

123 2379 223 2453 est
268 2434 290 2465 ,
347 2378 420 2454 ἃ.
478 2378 773 2455 lividum
814 2437 835 2466 ‚
910 2378 983 2454 &
1046 2376 1542 2478 aeruginosum.
1648 2382 2031 2485 Aliquanto
2093 2376 2270 2456 vero

123 2478 478 2558 deterius,
534 2478 734 2577 quod
777 2475 866 2555 fic
911 2478 1008 2555 est
1054 2477 1399 2556 fincerum
1428 2535 1450 2568 ,
1508 2492 1590 2556 ut
1632 2483 1919 2579 nigrum
1971 2502 2270 2582 quoque

123 2577 453 2655 videatur.
563 2588 744 2653 Coae.
780 2602 938 2671 390.
996 2589 1250 2655 Praenot.
1282 2592 1397 2668 88.
1438 2595 1549 2668 89.
1580 2605 1694 2670 90.
1720 2605 1835 2671 9r.
2089 2594 2098 2615 ⁴

123 2692 327 2755 utum
374 2674 630 2756 flavum
663 2736 684 2766 ,
753 2680 869 2754 cui
907 2678 1197 2778 paulum
1234 2674 1591 2781 sanguinis
1637 2683 2062 2757 ammixtum
2110 2679 2208 2757 est
2235 2737 2260 2769 ‚

123 2775 330 2877 quod
361 2800 427 2869 7.
485 2778 600 2855 die
630 2828 651 2856 ‚
702 2779 814 2856 vel
866 2777 1198 2876 longiore
1240 2778 1467 2880 spatio
1523 2779 1665 2857 tale
1709 2794 2043 2881 apparet,
2112 2802 2270 2858 non

123 2877 305 2954 adeo
336 2888 593 2954 tutum.
707 2886 877 2955 coac.
920 2901 1083 2972 390.
1130 2888 1387 2957 Praenot.
1411 2893 1529 2974 96.
2144 2886 2154 2897 '

123 2980 440 3052 ivitatem
490 2980 703 3054 etiam
759 2978 1119 3066 indicant,
1173 2982 1246 3057 δι
1286 2979 1719 3080 spumantia,
1775 2978 1849 3054 δι
1904 2977 2123 3063 flava,
2192 2976 2270 3052 δε

123 3080 368 3175 nigra,
424 3078 495 3152 δι
530 3078 916 3177 aeruginosa
940 3124 960 3159 ,
1012 3078 1455 3183 viscosaque,
1507 3082 1579 3157 δε
1614 3100 2061 3182 quaecunque
2086 3076 2267 3154 cele-

123 3178 286 3253 riter
334 3177 764 3255 colorantur.
873 3187 1053 3255 Ceac.
1090 3203 1251 3271 390.
1593 3204 1600 3213 ·
1675 3206 1686 3217 ·
1830 3208 1846 3221 ·

124 3291 241 3353 uta
302 3275 602 3356 viscida‚
677 3276 1091 3379 salsuginosa
1122 3335 1144 3368 ‚
1199 3300 1369 3357 cum
1408 3279 1790 3359 raucitate,
1851 3277 2044 3356 malo
2083 3277 2265 3367 fiint.

125 3375 357 3470 Quod
391 3374 440 3453 si
476 3377 560 3452 acl
607 3376 756 3456 haec
789 3378 1057 3480 aliquid
1096 3381 1168 3454 in
1208 3379 1497 3479 pectore
1538 3378 1889 3456 sublatum
1936 3376 2019 3455 fit
2047 3429 2065 3457 ‚
2117 3380 2270 3454 m'a-

123 3475 279 3551 lum
333 3474 691 3576 fignificat.
814 3475 898 3556 In
954 3478 1064 3556 his
1100 3482 1490 3556 extenuatis
1522 3530 1545 3561 ‚
1627 3480 1917 3558 cervicis
1975 3478 2271 3556 dolores

125 3580 512 3672 perniciem
557 3577 927 3656 denotant.
1035 3588 1214 3655 Coac.
1251 3601 1418 3673 413.

126 3674 303 3750 ilum
330 3699 647 3778 quoque,
670 3682 791 3757 ubi
815 3678 991 3756 nihil
1010 3694 1469 3779 expurgatur,
1491 3700 1724 3776 neque
1741 3677 1966 3781 ipsum
1984 3678 2270 3780 projicit

125 3774 399 3871 pulmo,
430 3777 544 3858 sed
565 3792 860 3883 propter
876 3780 1416 3960 multitudlznem
1439 3780 1663 3861 fervet
1682 3785 1757 3858 in
1773 3794 2084 3881 gutture.
2104 3788 2270 3957 {Jug-

125 3894 245 3953 not.
271 3899 393 3970 92.
680 3910 695 3935 κ
1318 3900 1357 3977 5
2178 3903 2270 3956 n·
